4434 6000
674 593 747 686 aci,
889 589 1286 669 outiaiiii
1347 587 1734 664 aauuoiiti

620 710 717 786 &nes
740 716 950 812 Hippocrates
973 713 1124 806 intelligit
1144 713 1205 806 qui
1229 730 1400 786 extremam
1422 717 1533 787 ‘arans
1565 729 1685 806 partem
1713 705 1871 797 exigunt:
1897 699 1939 769 ln
1965 703 1999 770 ils

618 812 707 882 'enim
732 809 820 884 suam
843 817 1018 885 orationem
1043 812 1254 888 terminavit,
1290 827 1457 908 tamquam
1480 810 1620 904 singulas
1651 823 1782 877 actatum
1806 815 1914 900 partes
1939 804 1999 887 jam

618 906 791 982 emensus.
824 912 989 1005 Siitaque
1012 929 1152 981 extrema
1186 905 1326 980 scnemus
1356 914 1586 982 concretionem
1621 899 1765 978 callosam
1791 918 1998 995 promovet,

617 1031 767 1080 cernon
792 1011 1009 1080 antecedentes
1034 1006 1107 1078 senii
1131 1021 1267 1103 partes?
1300 1011 1341 1080 rr
1371 1003 1547 1081 absurdum
1581 1003 1624 1078 cst
1654 1027 1676 1074 a
1704 993 1830 1070 senibus
1864 1002 1901 1068 δι
1928 1001 1998 1070 viris

618 1107 778 1206 lapideam
801 1107 1051 1205 compastionem
1076 1128 1256 1183 removete,
1280 1129 1384 1200 quum
1408 1114 1443 1180 ilc
1469 1106 1580 1204 prasio
1604 1103 1642 1172 sit
1673 1104 1816 1170 mamb
1828 1144 1839 1177 ,
1872 1101 1910 1164 &
1939 1121 1999 1166 nou

618 1208 661 1278 fit
684 1209 716 1291 id
741 1203 894 1298 frigoris,
924 1224 966 1276 ut
987 1206 1079 1276 calor
1101 1201 1294 1275 acriusculus
1319 1229 1384 1276 non
1410 1202 1539 1304 superfit
1573 1209 1633 1298 qui
1658 1200 1829 1290 adjuvante
1851 1195 1918 1264 loci
1943 1218 1998 1265 air·

620 1304 727 1398 guilla
753 1305 838 1386 leui
862 1310 982 1402 primas
1005 1321 1109 1402 partes
1131 1304 1364 1389 concedimus)
1388 1299 1722 1400 adcompingendum
1756 1297 1910 1390 temporis
1936 1313 1998 1364 tra·

618 1403 680 1474 stu
705 1398 856 1472 sufficiat.
882 1404 1044 1497 Ut-qitod
1067 1405 1224 1481 affatim,
1256 1402 1458 1497 celeriterque
1489 1403 1573 1473 calor
1598 1401 1756 1497 potentior
1780 1393 1994 1487 efficaciorque

620 1506 656 1572 iii
680 1523 811 1598 corpore
834 1519 949 1594 vegeto
973 1498 1065 1579 sicit,
1090 1501 1175 1569 idem
1199 1497 1471 1593 languidiusculus
1506 1503 1696 1594 incorpore
1729 1491 1830 1564 tacto
1853 1497 1891 1563 δι
1917 1487 1993 1562 senili

620 1601 764 1694 longiore
788 1617 929 1693 tempore
951 1617 1164 1695 promoveat.
1197 1599 1299 1686 Quod
1326 1601 1488 1671 verisimile
1522 1598 1600 1669 milii
1632 1595 1790 1668 videtur«
1828 1593 1941 1684 Atque
1960 1615 1993 1660 eo

445 1722 473 1770 a.
503 1710 600 1787 apide·
619 1698 749 1768 consilio
773 1701 899 1794 Hippo.
923 1699 1052 1770 uidetur
1074 1699 1136 1767 lroc
1159 1691 1328 1794 scripsisse:
1355 1697 1427 1788 Post
1452 1697 1586 1770 millum
1609 1695 1769 1765 concretio
1794 1693 1896 1784 magis
1924 1713 1992 1787 poe·

445 1794 561 1884 minum
622 1800 689 1872 ris,
709 1819 750 1865 an
773 1796 862 1889 quod
884 1796 1068 1867 calidiores?
1092 1795 1166 1865 Cur
1189 1789 1361 1874 dubitant,
1383 1819 1490 1892 quum
1514 1796 1651 1868 calorem
1683 1791 1855 1862 concionis
1886 1789 1991 1860 austo·

440 1885 541 2024 ff·
555 1886 600 1940 ¹5.
621 1919 687 1965 rem
709 1893 824 1992 pallim
845 1893 1026 1966 edocuerit?
1051 1893 1112 1963 Sed
1136 1889 1303 1967 dubitandi
1326 1897 1446 1965 occasio
1468 1893 1532 1966 suit
1555 1891 1663 1970 forte,
1689 1891 1781 1985 quod
1805 1911 1871 1957 nori
1896 1889 1989 1962 videa·

504 1968 519 2026 ³
524 1990 532 2008 '
623 2014 678 2065 tur
701 1987 869 2090 probabile
890 1995 1025 2062 calorem
1048 2005 1225 2086 puerorum
1249 1993 1427 2064 naturalem
1451 2011 1502 2067 tot
1535 1991 1746 2089 praeliantium
1781 2009 1918 2084 operum
1940 2011 1989 2058 aii·

622 2092 766 2169 slortei.
789 2108 856 2160 tani
882 2092 963 2162 mae
984 2091 1025 2160 de
1048 2082 1141 2158 nobis
1164 2100 1276 2161 mereti
1300 2111 1338 2161 ut
1359 2109 1428 2161 tam
1453 2096 1560 2163 dirum
1586 2091 1707 2161 malum
1733 2089 1894 2158 iiiveliat.
1920 2090 1988 2156 Mi·

622 2191 713 2260 leiico
735 2194 819 2259 enisi
842 2187 941 2259 calori
961 2190 1027 2259 lior
1049 2189 1187 2280 quadrat
1212 2215 1226 2256 .-
1257 2193 1317 2284 qtii
1348 2189 1444 2260 efficit
1478 2210 1515 2260 ut
1547 2213 1614 2260 una
1648 2209 1724 2258 cum
1749 2187 1919 2258 hereditate
1947 2191 1988 2273 iiii

622 2286 708 2358 iliud
744 2289 786 2360 ad
818 2306 947 2386 nepotes
980 2283 1202 2360 transferant:
1235 2289 1326 2380 quod
1358 2284 1450 2358 sattius
1483 2287 1554 2359 eller
1593 2291 1726 2357 omnino
1771 2286 1896 2356 lieredes
1930 2307 1987 2351 non

621 2382 788 2467 scribere,
821 2389 857 2456 δι
885 2405 1026 2487 patttuae
1062 2380 1190 2457 miserie
1219 2381 1375 2460 tonsiirtts
1407 2411 1473 2456 nori
1505 2387 1662 2458 reddere.
1709 2387 1788 2456 iiaec
1828 2378 1911 2454 sorti
1932 2374 1984 2444 τί·

617 2501 703 2565 Μ).
723 2535 735 2555 0
762 2514 765 2528 '
893 2562 896 2570 ,
1600 2532 1604 2542 ·

673 2584 772 2656 Nunc
795 2585 835 2654 de
857 2579 981 2656 senibus
1003 2589 1039 2658 &
1060 2595 1183 2684 pueris,
1205 2590 1239 2660 id
1264 2596 1349 2661 enim
1374 2588 1463 2660 locus
1495 2585 1666 2686 pullulat,
1695 2588 1860 2657 dieamus.
1897 2582 1989 2654 Non·

619 2682 701 2752 dum
724 2686 910 2754 definiemus
932 2687 1011 2780 quid
1035 2687 1072 2777 fit
1095 2691 1253 2758 concretio
1276 2707 1347 2760 ante
1372 2687 1504 2782 mistum
1523 2733 1534 2764 ,
1556 2689 1639 2782 quid
1663 2685 1729 2784 poll
1749 2734 1758 2752 .
1782 2684 1938 2778 lapides,
1963 2682 1991 2747 ir!

620 2782 721 2877 relisa
741 2798 918 2877 coguntur,
939 2787 975 2853 in
998 2779 1145 2864 renibus,
1169 2792 1204 2858 δι
1229 2791 1261 2856 in
1286 2785 1426 2882 angullis
1451 2781 1572 2880 ubique
1597 2788 1697 2856 locis.
1720 2781 1752 2851 Si
1775 2785 1807 2851 in
1829 2781 1901 2849 loco
1925 2801 1991 2848 am·

618 2880 743 2980 pilose,
767 2886 802 2952 δι
826 2881 939 2952 caloris
959 2877 1105 2962 ubertas,
1131 2889 1166 2955 δι
1191 2891 1326 2956 materia
1349 2888 1439 2983 copia
1461 2887 1673 2980 significatur.
1699 2883 1787 2952 Nam
1811 2902 1918 2973 quum
1931 2900 1990 2946 ini·

620 2982 700 3050 rcria
724 2979 869 3074 effugerit
892 2984 924 3049 in
948 2982 1017 3051 aliis
1040 2983 1116 3053 locis
1139 2989 1471 3078 coagmentationem,
1505 2989 1538 3054 in
1564 2985 1691 3057 vesicam
1719 3000 1790 3050 tum
1818 3001 1872 3074 pet
1897 2971 1988 3046 scca·

621 3078 741 3164 fidam,
763 3099 837 3149 tum
862 3079 1008 3150 locorum
1033 3083 1173 3161 ricinis,
1193 3079 1344 3162 illabens,
1368 3085 1545 3181 presentem
1580 3084 1742 3152 materiam
1776 3080 1889 3175 reperit
1912 3080 1987 3163 tuitii

625 3173 752 3248 adhaesit
776 3175 868 3246 sicile
892 3178 1088 3273 adaugetur.
1112 3182 1144 3252 Si
1168 3184 1201 3251 in
1228 3182 1512 3275 locoangulliore,
1535 3176 1760 3251 obllrudtionis
1778 3178 1875 3248 modo
1897 3178 1987 3245 lirini.

624 3273 717 3341 Nam
743 3279 874 3345 materia
897 3273 1030 3355 viscidc,
1054 3298 1177 3349 terrena
1202 3284 1258 3359 lit,
1282 3282 1424 3373 anguilla
1448 3300 1656 3352 remoratur:
1680 3278 1755 3348 liinc
1780 3296 1922 3372 tempore
1941 3296 1988 3341 co·

626 3377 717 3462 gitur
739 3374 768 3441 la
792 3375 834 3440 is.
859 3375 897 3440 ln
917 3374 1029 3442 calidis
1050 3366 1174 3446 nasutis
1199 3386 1324 3475 proprie
1348 3400 1517 3474 generatur
1539 3380 1645 3477 lapis,
1670 3382 1895 3447 cumratione
1918 3372 1986 3447 lotii

462 3524 605 3563 icusuiex
624 3469 730 3540 vesicae
753 3397 888 3545 silicet,
910 3489 983 3539 tum
1006 3470 1106 3544 causae
1128 3474 1310 3557 efficientis,
1334 3479 1446 3551 caloris
1467 3502 1605 3577 nempe,
1630 3476 1801 3571 temporis,
1821 3480 1906 3567 quia
1927 3466 1987 3538 brt·

449 3607 478 3642 co
513 3606 527 3639 c
561 3590 605 3643 ia
622 3572 658 3639 ii
683 3572 740 3644 lit,
764 3568 933 3639 tllrstionis
954 3571 1070 3650 modi,
1100 3578 1181 3666 quia
1204 3581 1329 3647 tenuior
1376 3600 1425 3647 ars
1447 3578 1599 3654 elicitur,
1631 3574 1716 3645 unde
1739 3596 1812 3645 vete
1834 3564 1989 3642 concrescit

449 3670 599 3723 caritonis
624 3688 756 3764 corpus.
781 3672 820 3736 ln
846 3692 910 3736 non
932 3669 1070 3746 calidis,
1099 3678 1244 3761 auriam
1281 3678 1323 3746 ad
1346 3602 1549 3769 lsigiditatem
1574 3665 1810 3764 vergentibus,
1832 3690 1989 3765 quacum·

450 3766 536 3802 “m
551 3767 604 3805 m.
619 3782 691 3859 ‘que
711 3766 835 3837 coacto
859 3768 917 3846 fir,
941 3790 977 3837 ea
1001 3773 1171 3866 improprie
1196 3776 1255 3848 iit,
1277 3780 1312 3844 δι
1339 3774 1377 3843 fit
1403 3785 1509 3869 potius
1531 3796 1569 3843 er
1591 3792 1679 3869 pnite
1702 3773 1799 3867 ipsios
1821 3769 1991 3839 mainel,

622 3886 724 3958 quam
750 3867 818 3937 ulla
840 3871 964 3937 ratione
986 3863 1084 3937 causae
1106 3869 1280 3941 efficientis.
1307 3874 1345 3942 ld
1368 3876 1453 3942 enim
1467 3872 1563 3967 quod·
1585 3867 1735 3944 viscosum
1755 3890 1810 3965 ptr
1833 3856 1996 3933 sescenas·

619 3960 792 4033 slusculssm
818 3962 884 4042 esti
906 3972 970 4052 jam
995 3963 1160 4063 &lapis
1183 3970 1226 4039 est
1250 3971 1331 4039 illud
1356 3972 1447 4064 quod
1471 3994 1621 4044 vocamus
1645 3963 1739 4030 ism
1757 3957 1900 4043 wsb·
1926 3963 1994 4033 Ntr

617 4066 701 4131 enim
725 4062 879 4130 coctionis
901 4063 1019 4137 modo',
1042 4084 1116 4156 quae
1141 4068 1173 4135 in
1197 4070 1577 4149 inminationecernitui,
1603 4090 1661 4141 aut
1686 4070 1822 4169 pactioni
1851 4062 1992 4135 tenuium

617 4158 815 4228 exhalatione
839 4155 889 4226 sed
913 4154 1128 4232 obliroiilione
1153 4169 1258 4261 potius
1283 4171 1337 4239 fir.
1362 4170 1411 4239 lta
1435 4174 1555 4265 quippe
1579 4192 1634 4239 ren
1659 4168 1855 4268 impeditur,
1880 4176 1992 4230 retenta

619 4258 750 4325 materia
772 4259 858 4328 calor
882 4282 947 4328 non
971 4257 1137 4337 difflatur,
1159 4266 1295 4359 indeque
1320 4266 1476 4361 congestio
1498 4270 1608 4358 aliqua
1633 4292 1739 4341 veram
1763 4266 1994 4334 concretionem

555 4376 568 4389 ‘
618 4356 805 4431 mentiens,
829 4375 972 4452 tempore
996 4378 1212 4456 procuratur.
1250 4366 1360 4459 Atque
1383 4390 1420 4435 ea
1445 4366 1606 4461 congestio
1630 4372 1662 4436 in
1689 4359 1824 4437 renibus
1848 4364 1910 4431 lit.
1946 4364 1993 4429 lin

616 4476 681 4520 non
706 4472 770 4521 tam
805 4452 906 4523 elucet
939 4461 987 4527 vis
1016 4458 1129 4527 caloris
1164 4466 1197 4528 in
1222 4466 1363 4555 cogendo
1395 4466 1527 4561 lapide,
1560 4466 1583 4533 si
1616 4464 1705 4535 locus
1736 4461 1899 4558 angustus
1921 4458 1990 4535 esi,

617 4572 716 4642 quarn
743 4552 765 4619 si
789 4553 944 4647 amplus.
978 4555 1134 4649 Angullia
1167 4559 1319 4653 liquidem
1354 4563 1414 4633 loci
1446 4569 1508 4650 jam
1539 4564 1636 4660 ipsius
1674 4567 1891 4633 concretionis
1916 4559 1995 4628 rudi·

614 4668 760 4719 mentum
786 4653 901 4729 affert,
935 4652 1015 4720 dum
1039 4652 1190 4747 anguillis
1223 4662 1346 4730 viarum
1382 4663 1501 4731 humor
1536 4663 1684 4758 paullum
1718 4662 1850 4732 crassus
1877 4662 1993 4729 inhere-

613 4742 669 4815 scit
692 4772 701 4817 ε
726 4770 783 4817 nee
808 4748 865 4818 isla
888 4755 1063 4842 requiritur
1087 4747 1238 4824 resolutio
1261 4764 1413 4829 tenuioris
1437 4757 1613 4831 sublianiiae
1647 4766 1683 4834 vi*
1703 4762 1826 4831 caloris
1866 4762 1931 4830 lieri
1952 4752 1994 4823 so·

478 4917 484 4929 ,
549 4918 555 4928 ,
614 4845 687 4922 lita,
711 4871 814 4939 quum
840 4849 994 4941 languens
1016 4851 1128 4931 calor,
1148 4851 1236 4924 locus
1259 4876 1367 4927 autem
1392 4858 1499 4930 accim
1522 4858 1665 4929 exsistat.
1695 4865 1774 4930 Huc
1805 4865 1946 4961 pertinet
1966 4856 1993 4923 il·

443 4936 573 5055 „2„-'„'''
615 4942 673 5054 lud
699 4948 854 5057 Hippocr.
880 4968 900 5017 a
923 4948 1162 5044 quadragesimo
1187 4976 1272 5022 anno
1305 4959 1344 5025 ad
1371 4952 1469 5049 seiiag.
1492 4962 1622 5037 tertium
1657 4958 1790 5029 llrumae
1830 4984 1902 5031 non
1927 4957 1991 5027 fiunt

582 5106 587 5111 .
613 5064 646 5109 iii
672 5036 816 5123 senibus,
841 5068 897 5116 nee
919 5046 1001 5143 lapis
1023 5053 1056 5118 in
1080 5049 1206 5133 iesca,
1238 5050 1296 5125 nisi
1319 5057 1408 5153 prius
1432 5053 1556 5129 suerit.
1583 5060 1665 5131 Non
1689 5078 1787 5159 negat
1819 5062 1896 5133 ficri
1928 5054 1993 5155 pole

674 5186 679 5193 ·
1933 5180 1961 5227 ui
