4434 6000
643 530 711 602 ιιι
855 521 1251 600 curratur
1312 501 1699 591 satto'urt

589 644 757 742 flagellum
780 647 818 718 sit
845 646 1027 723 Arthtitis,
1063 669 1129 714 non
1164 645 1309 714 desinunt
1341 663 1446 714 tamen
1495 635 1661 710 libidinum
1696 637 1817 736 prurire
1851 631 1989 703 deside·

587 748 657 817 rio.
683 749 761 819 Hae
784 764 892 816 autem
917 748 1051 816 maxime
1075 738 1259 814 causaest:
1294 763 1465 839 proventus
1497 759 1607 834 nempe
1639 733 1692 806 seri
1718 739 1795 806 acris
1821 739 1856 804 &
1882 755 1986 800 mor·

589 844 689 915 dacis.
716 847 789 915 Hoc
813 867 916 938 quum
938 841 1040 918 adest,
1065 846 1100 912 δι
1126 841 1359 937 propenfionem
1385 843 1424 911 ad
1437 839 1594 912 Aethritin
1611 833 1682 904 sacit
1715 829 1864 930 prasente
1891 855 1991 900 non·

590 943 683 1013 nulla
706 965 879 1014 nervorum
911 940 1186 1033 articulorumque
1217 934 1465 1018 imbecillitate.
1499 943 1533 1008 &
1567 933 1721 1002 irritando
1754 926 1893 1001 libidinis
1919 951 1985 998 ex-

591 1041 717 1136 plendae
740 1039 829 1112 affert
854 1041 1058 1109 defiderium.
1088 1037 1173 1108 ilinc
1202 1037 1364 1112 Arthritici
1390 1038 1483 1110 valde
1520 1030 1591 1104 sunt
1617 1025 1806 1103 libidinosi.
1843 1033 1884 1099 Et
1914 1033 1990 1098 Ae-

592 1140 657 1209 tius
681 1163 790 1232 quum
814 1137 1012 1208 theriacalcrn
1038 1130 1129 1205 salem
1154 1135 1315 1215 instituit,
1352 1138 1516 1206 dimidiam
1543 1150 1662 1229 partem
1689 1123 1790 1220 satyrii
1816 1129 1906 1197 tollit
1936 1133 1990 1200 vi.

590 1237 691 1307 tando
715 1261 754 1308 ne
778 1231 913 1306 rabiosas
935 1237 970 1302 δι
996 1228 1141 1304 membra
1164 1231 1352 1307 exsolventes
1381 1229 1524 1305 libidines
1548 1233 1691 1300 excitet.
1727 1225 1807 1296 Satis
1844 1230 1933 1296 enim
1965 1227 1989 1294 si

595 1337 629 1406 in
655 1336 894 1415 iisdominetur
919 1355 989 1402 acre
1012 1330 1095 1402 iliud
1120 1327 1253 1408 serum,
1290 1327 1345 1402 sua
1367 1327 1478 1427 sponte
1515 1334 1547 1398 in
1573 1349 1713 1397 verterem
1740 1342 1872 1396 ruunt.
1906 1327 1986 1395 Nisi

593 1435 668 1528 quis
701 1429 829 1527 objiciat
863 1431 944 1501 illud
975 1432 1114 1527 Hippoc-
1148 1435 1187 1502 ad
1224 1427 1422 1501 increscentes
1462 1435 1497 1500 δι
1530 1421 1659 1519 frigidos
1693 1418 1821 1494 morbos
1853 1419 1985 1494 confert

599 1552 718 1604 uenus.

646 1610 830 1723 Antequam
854 1629 1018 1724 decapite
1042 1629 1224 1699 fluxionum
1247 1623 1336 1700 forne
1359 1620 1465 1697 obiter
1489 1627 1590 1694 dimna
1617 1667 1627 1700 ,
1652 1623 1817 1720 propositis
1839 1627 1909 1712 jam
1931 1645 1983 1692 ea-

595 1727 777 1818 eochymis,
803 1726 1019 1820 lentiginum,
1041 1728 1197 1797 cruditate
1222 1720 1462 1800 laborantibus,
1484 1721 1654 1792 libidinosis
1680 1725 1692 1806 (
1717 1741 1754 1792 ut
1779 1743 1818 1790 ne
1842 1731 1979 1790 omnino

594 1829 741 1918 scopite
764 1826 930 1896 arcessatur
955 1826 1110 1911 malum)
1147 1825 1252 1894 dicam
1278 1848 1382 1893 unum
1417 1825 1455 1893 de
1482 1816 1598 1890 morbo
1632 1819 1726 1917 ipsius
1750 1815 1911 1898 habitus,
1943 1841 1981 1890 ur

596 1945 653 1993 nec
678 1915 976 2019 accusetuccaput.
1001 1946 1056 1992 nee
1080 1924 1121 1991 ad
1147 1929 1286 1992 internas
1312 1941 1433 2019 partes,
1459 1941 1625 2014 tamquam
1654 1922 1808 2015 principia
1833 1922 1910 1989 mali
1935 1943 1981 1988 rc·

596 2040 768 2094 curratur.
800 2022 946 2116 Princeps
972 2022 1147 2092 Avicennas
1180 2022 1337 2116 explicans
1370 2021 1451 2090 illud
1485 2019 1574 2112 quod
1613 2013 1729 2112 scripsit
1754 2019 1827 2086 Gal.
1855 2021 1889 2087 in
1914 2039 1978 2088 arte

597 2142 717 2217 parva,
742 2113 902 2189 habitudo
925 2125 1065 2215 corporis
1088 2119 1132 2188 est
1157 2123 1190 2188 in
1215 2123 1251 2187 iis
1277 2113 1504 2215 partibusque
1525 2114 1626 2184 oculis
1651 2111 1883 2202 subjiciuntur,
1907 2120 1975 2188 vult

596 2213 754 2312 quosdam
778 2214 834 2287 etse
858 2222 1004 2313 proprios
1028 2216 1125 2312 ipsus
1149 2209 1278 2287 habitus
1303 2213 1448 2286 morbos.
1476 2219 1593 2306 Qum
1618 2237 1637 2283 a
1663 2217 1739 2310 pede
1763 2233 1820 2285 aut
1844 2220 1981 2286 inanita-

596 2333 629 2386 te
655 2311 714 2385 sub
737 2335 809 2386 cute
831 2316 955 2387 dolores
977 2310 1191 2412 implacabiles
1214 2321 1350 2385 excitans
1374 2339 1453 2385 aura
1479 2331 1630 2386 venenata
1655 2312 1695 2380 ad
1720 2333 1819 2412 caput
1844 2311 1943 2408 surgit
1967 2363 1979 2392 ,

597 2414 632 2492 id
658 2437 715 2484 nec
740 2437 759 2482 a
785 2407 952 2486 uisceribus
974 2437 1033 2486 nec
1055 2409 1099 2484 ab
1124 2418 1247 2484 interno
1270 2412 1313 2484 est
1337 2437 1488 2510 corpore.
1515 2413 1613 2482 Unde
1637 2412 1718 2480 male
1749 2415 1900 2510 epileptici
1923 2439 1981 2484 ru·

599 2530 714 2589 rantur
738 2507 852 2580 habita
876 2528 1004 2582 tantum
1028 2516 1150 2583 ratione
1184 2516 1298 2582 interni
1321 2517 1480 2608 corporis,
1515 2514 1619 2604 potius
1655 2505 1776 2582 habitui
1808 2514 1983 2608 prouiden-

600 2609 682 2678 dum
703 2605 768 2678 est.
795 2610 882 2678 ldcm
906 2613 942 2677 in
968 2611 1169 2680 Arthritide:
1197 2612 1285 2681 Nam
1312 2612 1457 2706 peculiari
1482 2613 1682 2702 generatione
1714 2611 1887 2687 humoris,
1928 2632 1981 2681 aut

600 2711 636 2781 ln
659 2707 734 2786 hac,
759 2724 817 2778 aut
840 2708 893 2778 illa
940 2726 1007 2778 arte
1030 2727 1179 2786 externa,
1204 2713 1281 2780 vitio
1305 2710 1398 2805 ipfius
1422 2702 1548 2780 habitus
1573 2700 1702 2777 morbus
1733 2713 1882 2776 orietur.
1906 2712 1981 2780 Un-

600 2805 640 2875 de
688 2805 796 2876 uidam
821 2731 1045 2876 crudelissimos
1069 2801 1198 2878 morbos
1222 2803 1295 2878 sunt
1318 2813 1472 2906 expertia
1503 2831 1609 2904 quum
1633 2825 1734 2904 partes
1757 2809 1889 2878 internae
1917 2811 1982 2904 pla·

600 2925 642 2974 ue
662 2829 744 2973 dana
768 2901 887 2976 forent.
915 2909 952 2974 ln
976 2907 1214 2984 arthriticorum
1239 2927 1367 2978 externo
1391 2907 1712 3007 corporepeculiaris
1746 2906 1865 2975 humor
1891 2929 1981 3001 gene-

600 3022 710 3078 ratur,
737 3022 775 3075 ut
799 3007 832 3072 in
858 3005 1072 3101 pulmone&
1097 2992 1220 3094 iecore.
1248 3008 1288 3077 Et
1312 3008 1400 3106 apud
1428 3010 1526 3105 Hipp·
1553 3031 1571 3077 a
1596 3001 1745 3076 carnibus
1768 3012 1803 3073 in
1829 3008 1979 3077 articulos

600 3102 720 3171 humor
744 3102 890 3196 liquatur
915 3108 1044 3200 proprio
1070 3110 1151 3177 vitio
1176 3106 1272 3201 ipsius
1296 3111 1415 3181 earnis.
1439 3111 1480 3177 Et
1506 3108 1563 3175 hac
1588 3107 1706 3175 ratione
1740 3106 1823 3174 idem
1851 3110 1984 3177 Avieen·

601 3220 656 3268 nas
680 3202 724 3269 ait
747 3246 758 3277 ,
780 3202 812 3267 id
836 3202 926 3292 quod
952 3220 1041 3273 rtocct
1073 3228 1146 3273 cum
1174 3228 1291 3301 vapore
1324 3206 1414 3276 malae
1440 3200 1650 3278 substantia,
1680 3206 1712 3273 in
1748 3224 1819 3273 toto
1853 3224 1982 3301 corpore

437 3317 586 3379 zibdeloc
603 3295 667 3371 est,
694 3294 768 3364 idest
792 3299 825 3363 in
848 3294 991 3365 habitu.
1026 3299 1076 3369 Sic
1102 3307 1134 3371 in
1162 3299 1304 3397 partibus
1327 3308 1459 3375 externis
1484 3307 1596 3375 vitium
1621 3298 1665 3370 esi
1689 3302 1846 3399 peculiare
1876 3310 1911 3373 δι
1935 3327 1985 3373 ea·

437 3397 580 3470 salomias
603 3390 749 3473 tatrhus,
774 3397 808 3462 δι
832 3395 1038 3488 colliquatio.
1065 3398 1133 3469 Nec
1158 3406 1290 3469 omnino
1315 3406 1401 3473 malo
1425 3400 1467 3472 est
1491 3402 1582 3497 quod
1606 3403 1678 3494 quis
1709 3399 1887 3473 arthriticus
1923 3402 1986 3468 fiat

602 3510 771 3586 tamquam
796 3509 909 3563 natura
935 3516 954 3562 a
978 3513 1084 3564 centro
1106 3504 1247 3592 corporis
1271 3500 1311 3569 ad
1338 3496 1485 3571 habitum
1512 3504 1598 3573 virus
1623 3500 1841 3577 emundante,
1863 3518 1900 3571 ut
1923 3492 1987 3567 sub

603 3593 699 3661 finem
725 3590 820 3677 hujus
843 3585 917 3659 libri
943 3592 1065 3662 dicetur
1088 3621 1126 3665 ex
1153 3596 1254 3692 Hipp.
1280 3599 1433 3670 Ceterum
1467 3622 1570 3695 quum
1608 3601 1688 3665 cutis
1711 3595 1871 3670 dcfoedan
1905 3597 1988 3673 est»

604 3693 639 3759 δι
663 3682 790 3782 sanguis
813 3708 920 3760 tamen
945 3695 980 3759 in
1017 3694 1095 3765 vasis
1120 3716 1221 3791 purus
1251 3696 1324 3775 eli,
1360 3700 1519 3792 numquid
1554 3694 1678 3767 aslestio
1700 3694 1744 3765 est
1777 3699 1875 3794 ipsius
1899 3690 1990 3765 babi-

437 3795 484 3881 1³5
504 3784 553 3849 ld·
606 3803 678 3857 tus?
702 3787 878 3883 Capillarcs
902 3811 988 3861 venae
1012 3794 1096 3861 malo
1122 3788 1187 3862 sero
1212 3789 1353 3865 scatent.
1389 3802 1426 3864 In
1459 3796 1623 3894 elephante
1658 3788 1787 3865 morbus
1807 3794 1853 3862 esi
1888 3796 1994 3889 ipsius

439 3876 548 4001 ΜΞ·
565 3864 597 3922 ‘l‘
607 3879 736 3955 habitus
759 3890 792 3955 in
816 3912 886 3981 quo
911 3912 1009 3985 praua
1036 3893 1074 3960 sit
1097 3890 1274 3961 assimilatio
1298 3940 1305 3965 .
1339 3899 1372 3961 δι
1409 3918 1479 3991 pars
1510 3889 1585 3957 inu
1609 3886 1687 3953 usn
1708 3892 1825 3962 amittit
1850 3892 1995 3988 Hippo-

439 3963 501 4012 Μ’
541 3964 597 4004 um.
609 3991 714 4054 crati:
738 3983 783 4052 cst
807 4006 917 4055 autem
941 3988 1067 4083 clephas
1092 3984 1268 4085 symptoma
1291 3988 1449 4062 facultatis
1474 3992 1655 4063 alteratrieis
1686 3994 1782 4065 tertia
1805 3988 1994 4061 concussio-

438 4101 594 4166 zibduli-
609 4084 681 4149 nis.
709 4080 780 4149 Nec
806 4098 871 4151 tarn
896 4084 1006 4153 delicit
1028 4110 1065 4158 ca
1090 4084 1249 4165 facultas,
1281 4114 1380 4184 quam
1406 4116 1501 4187 prave
1526 4088 1671 4162 officium
1704 4087 1806 4167 facit,
1843 4114 1904 4157 non
1929 4110 1995 4185 per

439 4200 541 4253 mento.
606 4173 654 4255 se,
679 4173 729 4245 sed
752 4172 797 4246 ob
822 4203 954 4275 pravarn
979 4186 1164 4276 qualitatem
1189 4188 1340 4257 alimento
1366 4195 1495 4288 proprio
1517 4189 1714 4284 impressam.
1743 4188 1820 4257 ideo
1843 4193 1899 4281 qui
1918 4210 1998 4254 rne-

605 4277 665 4347 dici
690 4295 860 4359 curantes,
896 4280 1109 4373 elephanticos
1135 4280 1318 4379 sanguinem
1342 4288 1461 4381 largius
1495 4288 1659 4365 demunt,
1694 4291 1773 4383 quia
1806 4282 1849 4355 ab
1873 4279 1997 4355 habitu

605 4398 672 4443 non
698 4376 832 4447 demunt
858 4384 1010 4451 minuunt
1033 4383 1172 4453 calidum
1200 4388 1376 4465 nativum,
1413 4393 1450 4457 δι’
1483 4382 1616 4458 habitus
1650 4384 1833 4457 facultatem
1857 4384 1999 4455 deterio-

607 4494 672 4543 rem
699 4470 850 4545 faciunt·
886 4480 984 4572 Apud
1020 4479 1124 4577 Hipp.
1152 4485 1365 4578 impetiginem
1397 4486 1471 4557 alias
1504 4506 1540 4555 ut
1565 4478 1599 4541 aa*
1619 4474 1757 4563 s'ar'unpe
1783 4478 1898 4581 spsffls
1921 4531 1934 4559 a
1959 4488 1996 4556 dt

439 4583 471 4632 ln
488 4589 514 4633 ²·
531 4571 717 4647 librorum,
752 4566 940 4645 &habitus
966 4576 1001 4647 stt
1026 4572 1128 4651 solum
1163 4580 1397 4678 depositarius,
1430 4586 1506 4654 alias
1531 4602 1568 4655 ut
1591 4584 1671 4646 sicu
1704 4582 1803 4682 ipsus
1827 4576 1996 4657 habitus,

436 4651 539 4733 Μ’·
609 4669 699 4764 quod
725 4672 903 4741 notandum
926 4672 987 4745 cll.
1965 4680 1967 4683 ⁵

658 4769 757 4839 Nunc
780 4770 820 4837 acl
844 4791 937 4866 caput
962 4768 1065 4868 ipsum
1090 4774 1285 4855 redeamus,
1318 4785 1353 4853 δι
1378 4787 1609 4875 generationem
1646 4784 1810 4881 peculiaris
1834 4784 1997 4879 pituita.

605 4870 862 4962 Nonnegamus
886 4894 905 4939 a
930 4874 1030 4967 capite
1056 4872 1212 4947 fluxiones
1237 4880 1311 4948 oriri
1339 4882 1530 4953 Artlrritidis
1557 4882 1735 4960 austures,
1761 4876 1812 4951 sed
1846 4904 1993 4955 omnes»

606 4988 783 5065 negamus.
816 4963 949 5062 Qibus
974 4990 1071 5069 caput
1096 4972 1296 5055 humidius,
1331 4983 1369 5049 iis
1405 4980 1550 5077 proclivis
1585 4980 1628 5053 eli
1661 4982 1808 5053 defluxus
1833 4982 1868 5147 ip
1883 4998 2000 5149 lpartes

1858 5104 1954 5171 upe-
