4434 6000
659 514 726 598 175
895 487 1734 580 GULIELMIB'ALLONII

593 609 728 700 quidam
751 601 936 701 sanguinem
959 607 1016 676 elie
1039 597 1186 676 causan.
1209 602 1299 694 quod
1325 598 1484 674 uccellerio
1509 593 1788 695 supportaretur-io
1811 599 1989 666 articulari

597 700 742 800 illapsus.
769 709 913 783 concta,
937 729 1005 774 non
1028 705 1132 772 omnis
1151 695 1284 793 sanguia
1305 697 1463 774 influens,
1493 697 1715 791 phlegmoocm
1740 688 1911 791 suppurati
1938 718 1986 765 oe·

598 826 708 900 pacem
730 808 868 880 excitat,
892 803 949 873 nisi
973 803 1006 874 iit
1031 797 1213 872 musculum
1238 819 1429 890 carnemque
1454 796 1622 874 inciderit,
1643 817 1698 864 rrcc
1724 814 1784 888 pus
1808 795 1846 863 fit
1872 797 1908 863 ni
1934 817 1986 863 ca·

599 901 667 970 lore
693 906 790 997 partis
810 906 964 991 juvetur.
1005 899 1042 967 ld
1066 897 1159 992 quod
1184 897 1216 964 in
1241 917 1338 969 nervo
1361 891 1509 988 exsangui
1535 891 1712 988 frigidaque
1737 897 1792 962 vix
1816 893 1898 961 fiet:
1924 891 1988 960 loci

599 1001 684 1072 enim
708 1018 824 1070 natura
848 991 1036 1093 refrigestir,
1061 1001 1094 1066 δι
1118 996 1226 1091 potius
1251 1000 1286 1062 in
1308 1017 1442 1066 mucum
1460 985 1648 1088 pituitosum
1675 1006 1871 1066 verteretur,
1894 991 1989 1084 quod

600 1095 810 1182 tutatuta
832 1096 966 1174 dicunt,
988 1093 1075 1164 unde
1098 1098 1195 1165 oriam
1221 1087 1370 1164 absceffur
1392 1095 1489 1162 critici
1515 1095 1548 1160 in
1573 1086 1752 1166 articulos,
1774 1087 1848 1157 licet
1874 1109 1894 1156 a
1917 1088 1988 1158 loco

599 1195 703 1268 calido
728 1213 884 1272 menore,
909 1198 943 1262 δι
972 1195 1110 1264 materiae
1133 1193 1192 1262 fine
1216 1191 1359 1265 calide,
1393 1189 1513 1262 nonrtisr
1531 1189 1627 1280 longo
1645 1205 1789 1283 tempore
1809 1183 1989 1283 suppuran-

600 1310 684 1364 tur.
711 1296 825 1385 ltaque
848 1291 1002 1362 Arthritis
1025 1315 1091 1362 non
1125 1294 1250 1388 proprie
1286 1290 1476 1386 phlegmone
1498 1286 1570 1366 est„
1595 1281 1645 1356 scd
1669 1287 1691 1354 sr
1717 1288 1847 1356 tuterit
1870 1285 1978 1365 calet,

599 1407 711 1480 rumor
731 1392 778 1460 est
798 1383 1007 1467 altriaci-'lm
1588 1440 1593 1448 ψ

653 1490 707 1556 An
731 1490 864 1562 veroin
888 1481 1091 1560 acetabulum
1117 1484 1236 1556 humor
1259 1486 1398 1562 influat,
1422 1476 1590 1558 dubitatur
1612 1530 1622 1550 .
1645 1481 1787 1552 Frenelio
1809 1484 1844 1552 irr
1867 1487 1984 1554 carita·

564 1628 568 1636 ·
602 1600 668 1656 tem
693 1587 814 1656 humor
838 1579 1108 1664 condescendit,
1133 1606 1187 1652 nec
1213 1590 1247 1654 in
1273 1579 1408 1678 spatium
1433 1583 1522 1674 quod
1547 1586 1626 1652 iuter
1650 1580 1762 1652 offiunt
1777 1599 1921 1650 extrema
1943 1585 1982 1648 io-

604 1681 725 1761 tercii,
748 1679 798 1756 sed
819 1699 914 1779 purat
936 1684 1065 1777 uincula
1090 1687 1125 1752 δι
1150 1674 1347 1754 membranas
1380 1703 1456 1775 qua
1492 1675 1692 1750 extrinsecus·
1710 1677 1823 1752 oiliuru
1850 1701 1982 1749 extrem

604 1779 759 1857 credunt,
783 1784 820 1849 dc
842 1779 985 1854 tendines
1007 1805 1046 1852 eo
1068 1779 1215 1850 directos·
1228 1774 1333 1854 imbui
1355 1775 1471 1850 solere:
1493 1778 1745 1874 horumduplcx
1762 1783 1873 1848 ratio.
1901 1781 1978 1848 Prior

604 1884 640 1952 io
665 1879 809 1973 chiragra
832 1878 986 1974 tophacea
1009 1881 1128 1950 humor
1152 1879 1338 1974 lapidescena
1361 1894 1469 1972 aperta
1494 1897 1567 1952 cute
1591 1889 1630 1948 eri
1647 1878 1793 1948 articulis,
1808 1877 1976 1968 digitorum

605 1978 748 2056 eruitur,
774 1977 901 2047 vinculo
925 1979 1016 2069 quod
1042 1980 1137 2051 ficum
1160 1980 1195 2046 in
1220 1978 1332 2070 pyxide
1356 1971 1903 2068 uerumque--os.cdiigar,-illrso.
1929 1977 1977 2044 Po·

606 2071 746 2151 sterion
770 2075 794 2147 fi
818 2077 851 2144 in
877 2069 1019 2150 ischiade
1041 2076 1164 2144 humor
1186 2077 1220 2146 in
1253 2072 1402 2171 pyxidem
1433 2075 1649 2152 conderetur,
1676 2097 1739 2144 non
1764 2093 1876 2144 cantus
1899 2075 1977 2144 dolor

392 2175 395 2181 '
435 2168 706 2285 aypmforet,
729 2172 819 2266 quod
843 2173 1010 2245 vinculum
1034 2193 1142 2270 expers
1167 2164 1268 2243 stnsus
1292 2175 1349 2248 sir,
1374 2191 1518 2266 nectam
1541 2172 1605 2242 late
1626 2167 1805 2249 diffusum,
1827 2172 1976 2246 nodeca·

435 2291 496 2360 u4.
607 2271 682 2358 ¹leno
704 2271 785 2340 dum
810 2272 895 2341 fiunt
918 2267 1066 2343 abscellus
1089 2275 1122 2340 in
1148 2266 1232 2339 febre
1255 2265 1428 2344 laboriosa,
1453 2269 1605 2340 dolorum
1630 2264 1739 2365 sponte
1752 2285 1898 2342 imorum
1912 2264 1973 2338 iub·

606 2369 724 2461 ledum
748 2367 793 2437 est
815 2387 921 2448 toturn
946 2392 1047 2464 genus
1070 2364 1304 2446 maculosum.
1329 2371 1369 2443 Et
1395 2369 1416 2436 fi
1440 2390 1478 2438 cx
1489 2386 1581 2440 motu
1590 2361 1680 2438 labor
1705 2369 1838 2447 accidit,
1863 2368 1976 2460 utquid

648 2467 787 2548 euliarc,
807 2467 894 2544 adoll
917 2469 1040 2540 articuli
1062 2468 1222 2544 caliditas:
1248 2485 1286 2540 ur
1311 2467 1396 2538 aeut
1421 2469 1541 2540 mirum
1566 2469 1598 2534 io
1621 2489 1662 2536 eo
1688 2485 1781 2536 motu
1804 2468 1847 2536 ed
1872 2470 1977 2536 arucu-

606 2489 678 2633 fiot
702 2563 870 2637 humorem
894 2559 1073 2642 obstruere,
1097 2569 1216 2657 utqui
1241 2587 1313 2642 una,
1329 2585 1405 2644 curu
1430 2558 1577 2638 musculo
1586 2565 1773 2641 concaluerit
1798 2587 1835 2634 ec
1861 2559 1977 2634 labora·

519 2725 522 2731 .
606 2665 667 2744 rit.
692 2662 876 2756 Sponeaneo
898 2657 1001 2734 labori
1024 2665 1139 2743 accidit
1164 2681 1203 2734 ut
1227 2683 1296 2738 uno
1329 2663 1427 2736 modo
1449 2665 1484 2730 in
1516 2664 1695 2740 articulum,
1714 2665 1829 2736 humor
1853 2663 1976 2732 decuri-

607 2753 664 2836 bat
687 2782 793 2851 quum
815 2761 926 2832 latiora
950 2763 1077 2834 articuli
1100 2756 1199 2860 speria
1222 2761 1391 2832 humorem
1425 2763 1610 2856 exoptare..
1637 2763 1709 2832 Noc
1739 2773 1847 2830 tameo
1873 2759 1979 2832 conilrt

607 2881 650 2932 ao
674 2859 795 2934 humor
827 2861 1093 2933 deacriculatioois
1129 2861 1237 2934 locum
1270 2851 1403 2952 subeat.
1430 2855 1549 2932 Eodem
1583 2865 1617 2930 &
1639 2861 1673 2928 id
1698 2862 1865 2954 pertinet,
1891 2863 1978 2930 ilurlo

610 2957 768 3029 Ardrritirr
792 2955 906 3029 faciens
937 2963 1080 3055 primurn
1113 2957 1185 3029 loco
1213 2957 1480 3037 deceticulationis
1513 2960 1670 3055 excipitur
1690 3004 1702 3037 ,
1726 2958 1839 3032 deinde
1872 2959 1983 3029 aloria-

609 3051 823 3144 adjacentibus
845 3059 886 3127 ad
911 3063 1011 3130 cutim
1038 3052 1159 3152 usque.
1185 3060 1226 3127 Et
1248 3060 1403 3155 quouiaru
1428 3058 1666 3133 articulariorrcs
1691 3058 1889 3155 implentur,
1909 3060 1976 3147 lige·

517 3200 526 3221 ·
552 3206 556 3220 .
582 3200 591 3211 ι
610 3174 717 3227 menta
740 3156 912 3243 adjacentia
936 3160 1133 3234 tenduntur:
1151 3159 1244 3237 liter-ui
1270 3160 1305 3235 dc
1328 3156 1453 3239 chorda
1477 3182 1542 3233 non
1564 3156 1831 3238 inflammantur,
1856 3152 1904 3227 kd
1923 3157 1976 3223 do·

611 3252 679 3320 lene
711 3254 931 3326 attitulatione
965 3254 1122 3329 distensa.
1159 3264 1229 3331 Nec
1255 3261 1336 3333 ualet
1367 3261 1452 3333 catio
1486 3258 1615 3335 Feroelil
1644 3260 1684 3329 de
1717 3258 1847 3333 viuculo
1867 3258 1977 3329 interno

611 3349 684 3438 (dc
705 3370 834 3422 tutuno
856 3357 939 3423 coim
964 3356 1009 3426 nil
1031 3358 1187 3444 dicitur.)
1211 3362 1243 3431 Si
1266 3364 1350 3431 enim
1367 3357 1537 3451 ‚fateturirr
1559 3352 1729 3435 ambulo
1752 3358 1979 3455 tophum-coo·

609 3442 766 3531 cresterec
790 3458 921 3523 materia
953 3478 1085 3550 quoque
1108 3460 1142 3526 in
1167 3456 1228 3527 hoc
1260 3452 1396 3529 sarium
1427 3458 1569 3529 incidet.
1594 3464 1640 3529 At
1667 3458 1836 3531 uinculum
1859 3456 1981 3527 liuterius

611 3571 675 3622 uon
700 3546 789 3619 facilc
811 3552 952 3625 afficitur
975 3548 1019 3625 ab
1041 3557 1179 3625 humore
1204 3572 1242 3626 ut
1267 3483 1364 3634 ldrte,
1392 3557 1563 3637 validum,
1587 3552 1752 3629 inseofile.
1780 3554 1887 3625 Dolor
1910 3556 1982 3624 exci-

610 3662 697 3721 tatur
719 3673 785 3723 uon
807 3645 853 3719 ob
877 3653 1042 3725 vinculum
1065 3655 1128 3725 hoc
1152 3650 1240 3725 sensu
1271 3676 1404 3733 carens,
1431 3650 1481 3725 sed
1505 3650 1549 3725 ob
1572 3658 1748 3729 vicinorum
1773 3654 1944 3723 tcnlionern
1973 3688 1990 3725 ι,-

610 3748 871 3821 &inclusionem
896 3759 1034 3823 materie
1055 3775 1095 3823 eo
1119 3754 1193 3823 loco
1215 3774 1284 3847 quo
1308 3778 1373 3823 non
1396 3749 1510 3825 debe.
1529 3754 1583 3827 -slc
1608 3762 1691 3825 ratio
1714 3752 1843 3821 Feroelii
1867 3747 1985 3841 friget.

608 3846 658 3913 At
681 3846 792 3918 melius
816 3849 931 3944 aliquis
951 3854 1109 3947 explicans
1131 3850 1214 3945 quid
1242 3850 1278 3922 sir
1301 3852 1471 3929 articulum
1490 3856 1675 3951 occupari.
1699 3847 1832 3919 Articuli
1855 3851 1992 3919 nomine

608 3966 675 4011 nou
701 3949 800 4015 modo
822 3968 919 4043 caput
943 3950 1012 4017 offis
1035 3950 1128 4043 quod
1152 3946 1317 4029 inseritur,
1344 3970 1401 4021 aur
1426 3950 1632 4022 alteriusoills
1656 3948 1779 4037 cotylen
1803 3945 1988 4020 audiemus,-

535 4044 542 4059 '
607 4039 661 4110 sed
683 4046 720 4111 dc
742 4044 933 4136 ligamenta,
956 4050 1116 4125 condires,
1141 4052 1175 4119 dc
1198 4048 1353 4141 quicquid
1361 4050 1401 4119 ad
1425 4051 1551 4119 articuli
1573 4052 1756 4123 firmitatem
1779 4043 1987 4119 struduram·

607 4159 850 4311 lim·
867 4144 1155 4335 iiiiii?
1179 4147 1459 4317 lllsllllils
1477 4166 1579 4318 liii}s
1597 4141 1778 4345 pilli-‘li
1792 4163 1991 4314 llllir

606 4350 696 4430 paret
719 4359 762 4409 an
784 4360 899 4412 cavum
923 4340 994 4411 offis
1017 4343 1136 4413 humor
1155 4266 1283 4413 lltbeac
1309 4346 1439 4417 Tamen!
1457 4345 1609 4423 dodirinae
1632 4341 1724 4416 caud
1747 4345 1817 4416 duo
1840 4342 1987 4433 ligaoeo

607 4450 715 4507 torum
740 4458 855 4529 genera
879 4436 1072 4517 statuentur,
1096 4462 1198 4519 unum
1224 4429 1344 4512 ansam
1371 4435 1864 4522 haberitium,-a1rcrurosersus
1889 4459 1986 4533 expet·

607 4533 720 4601 tium.
746 4540 832 4629 Qae
856 4538 1028 4629 ligamenta
1058 4560 1077 4607 a
1100 4538 1206 4617 media
1232 4538 1302 4609 ollis
1335 4560 1423 4636 parre
1445 4542 1613 4615 ducuntur
1630 4583 1645 4621 a.
1661 4534 1815 4617 :caseolo
1845 4556 1988 4615 uacant,

604 4651 681 4722 quae
704 4654 724 4701 a
749 4632 898 4731 perioilio
919 4638 1072 4730 exquisite
1095 4633 1267 4714 sentiunt,
1292 4660 1391 4733 eaque
1415 4658 1454 4709 ut
1480 4646 1515 4713 ἃ
1539 4640 1738 4717 condires-rin
1756 4636 1987 4713 Aethritidelt·

604 4718 739 4821 bamnt‚
763 4752 891 4803 utnon
916 4736 953 4803 fit
977 4742 1097 4805 mirum
1123 4738 1145 4805 st
1169 4754 1278 4805 tantus
1302 4738 1338 4807 fit
1362 4737 1472 4816 dolor.
1500 4738 1591 4818 Nam
1610 4738 1901 4815 *incertitudinem
1925 4732 1989 4805 &¹¹²

602 4852 790 4921 prucorum
814 4832 904 4924 quod
928 4834 1096 4905 tendincrn·
1111 4838 1247 4928 integiti
1272 4838 1572 4917 marcrietcolledia
1596 4836 1660 4911 eil.
1686 4836 1755 4915 Alii
1779 4836 1837 4913 fic.
1850 4838 1989 4915 dicunt,

605 4928 663 5014 alia
679 4931 848 5021 ligamenta
863 4930 942 5007 oiieu
966 4926 1058 5012 sunt,
1082 4926 1394 5050 aliameurbrarosa,
1419 4936 1473 5011 illa
1490 4930 1581 5017 haud
1598 4930 1756 5017 sentiunt,
1782 4936 1862 5015 hec·
1874 4948 1991 5007 coortas

1841 5038 1946 5115 Nunc
