4434 6000
379 579 549 662 LIBER
581 589 649 660 oa
684 577 1022 660 uetuerunt
1059 577 1413 658 retrosum.
1497 608 1568 679 245

244 691 445 775 uno‘distum
469 695 535 774 est,
557 695 608 770 fed
632 694 803 770 confutatis
826 697 952 770 Feratefii
976 705 1173 792 argumentis
1199 701 1238 772 de
1262 721 1402 796 utroque
1427 707 1526 798 magis
1546 729 1621 776 ton·
1686 757 1688 761 -

242 785 339 864 flabit.
362 791 625 868 Existimabamus
648 791 739 867 nobis
762 819 828 866 rem
852 814 979 868 tantum
1005 798 1061 868 elie
1084 823 1159 869 tum
1186 802 1324 872 Fernelio
1350 847 1361 878 ,
1385 795 1437 872 fed
1463 805 1543 874 dum
1570 824 1620 876 tes

241 896 271 961 in
291 892 452 990 procindu
476 893 570 972 effer,
594 917 697 968 nouus
720 894 838 966 athleta
859 889 1027 966 lacertofrs
1050 901 1086 968 δι
1110 893 1199 968 fortis
1223 892 1356 970 obortus
1379 897 1447 980 est,
1472 905 1530 994 qui
1554 927 1618 970 no-

236 983 283 1059 bis
303 1013 432 1086 qaoque
456 987 578 1063 beilum
603 995 740 1064 indixit.
776 996 808 1062 ls
830 991 874 1064 est
897 993 950 1077 Jos
977 994 1155 1072 Gorraus,
1189 1001 1250 1090 qui
1274 999 1314 1068 ad
1341 998 1528 1092 singularem
1553 1002 1613 1068 do·

237 1086 364 1165 firinam
390 1086 551 1162 summum
574 1093 727 1182 judicium
752 1087 872 1188 stmpee
890 1092 1052 1177 adiunxit.
1077 1094 1136 1162 Sed
1162 1095 1253 1164 liceat
1271 1119 1345 1164 cum
1371 1115 1513 1191 utroque
1533 1091 1613 1168 feor·

239 1187 292 1256 sim
308 1192 465 1286 experiri,
489 1211 529 1259 ue
552 1191 655 1262 ristus
678 1192 789 1261 cadam
815 1191 837 1256 sr
861 1212 935 1258 cnm
960 1207 1102 1282 utroque
1125 1191 1219 1259 fimul
1242 1188 1452 1264 totrfetuero.
1478 1193 1607 1267 Fernelii

238 1285 285 1354 hie
305 1286 349 1357 est
370 1305 560 1358 coartentur:
584 1294 654 1387 Qi
674 1291 724 1359 de
739 1282 986 1362 febricitantium
1009 1294 1112 1359 urina
1136 1288 1291 1387 hypostase
1313 1289 1548 1372 diiiemerunt,
1573 1293 1613 1366 il·

237 1385 297 1454 ism
320 1385 464 1458 flatuum
486 1390 560 1482 puri
584 1390 789 1483 proportione
811 1381 1011 1480 responderet
1036 1386 1159 1477 eileque
1178 1390 1357 1484 portionem
1381 1389 1527 1462 humoris
1575 1357 1785 1495 uigff2,¹„⁷r'5‚

239 1485 269 1552 io
291 1479 374 1554 febre
398 1505 661 1581 computruerat.
685 1481 736 1555 fed
758 1490 821 1574 jam
846 1481 1156 1563 comminutam
1184 1491 1216 1556 &
1243 1490 1275 1560 vi
1299 1504 1423 1556 naturae
1445 1415 1610 1585 depnldm
1625 1513 1685 1580 ais.

235 1604 309 1652 eum
334 1585 450 1662 urina,
474 1585 534 1654 hoe
558 1587 591 1654 in
614 1588 725 1682 primis
746 1579 957 1680 perniciolum
981 1583 1027 1654 est
1049 1583 1213 1656 medicinae
1238 1604 1475 1660 commentum.
1498 1589 1615 1660 Ratio·

229 1702 289 1775 'nes
313 1681 360 1752 be
382 1683 612 1755 adducantur.

290 1801 319 1849 r.
345 1781 492 1852 Ardentis
513 1775 609 1852 febris
630 1783 792 1859 materia,
826 1803 903 1876 que
935 1782 1055 1852 torrida
1077 1775 1148 1853 bilis
1171 1779 1243 1864 etl,
1272 1805 1328 1853 utet
1351 1786 1386 1854 in
1411 1783 1491 1877 quid
1517 1780 1614 1856 finite

260 1900 309 1950 un
334 1898 487 1950 veretur.
960 1929 972 1948 t

236 1901 259 1975 P
288 1998 319 2044 2.
344 1973 449 2048 Febris
471 1981 600 2050 numeria
621 1979 657 2048 in
680 1978 763 2050 flatu
789 1972 895 2048 morbi
920 2001 985 2047 non
1005 1981 1186 2048 excernitur
1208 1977 1411 2074 purulenta,
1431 1996 1493 2049 aut
1516 1973 1615 2058 alba,

235 2066 289 2144 fed
314 2071 397 2148 flava
420 2097 519 2172 atque
543 2071 669 2148 biliam.
694 2077 728 2148 Si
752 2100 819 2170 qua
839 2079 942 2168 igitur
964 2074 1162 2171 hypoliafis,
1193 2096 1230 2146 ea
1253 2098 1320 2144 aron
1354 2073 1397 2144 est
1420 2097 1493 2170 pars
1518 2096 1624 2148 mato.
1772 2113 1775 2122 ·

233 2177 286 2243 rie
309 2197 383 2268 que
408 2195 602 2273 putruerat:
625 2175 714 2245 baud
733 2177 821 2242 enirn
846 2167 993 2242 albescit.
1523 2209 1526 2234 2

229 2296 304 2448 m?
309 2271 836 2440 iiiif‘iiilillilli
850 2267 1388 2446 zi”:ii2”1‘¹inii⁰iiili
1400 2268 1621 2442 iiiiii.

228 2471 345 2539 nuior.
372 2471 456 2560 Ergo
482 2492 547 2536 min
567 2465 614 2536 efl
639 2487 712 2563 pars
735 2466 879 2537 humoris
902 2471 960 2560 qui
996 2487 1186 2564 putruerat,
1220 2461 1271 2538 fed
1306 2467 1433 2537 fimilem
1459 2488 1556 2562 atque
1588 2474 1623 2540 io

232 2563 320 2638 fanis
343 2573 503 2636 materiam
529 2560 668 2634 omittes.
696 2569 735 2638 Et
759 2587 865 2657 quum
891 2585 1040 2661 apparet,
1066 2566 1266 2663 fignificatue
1290 2566 1472 2636 dominatus
1497 2587 1621 2642 nature

232 2688 312 2756 que
333 2661 511 2736 ferocientes
531 2667 684 2735 humores
708 2661 867 2756 repreffit,
890 2668 925 2734 dt
951 2687 1024 2757 qua·
1046 2671 1110 2751 jam
1134 2664 1175 2735 ad
1198 2661 1377 2736 funstiones
1399 2663 1546 2762 pristinas
1570 2689 1622 2736 re·

230 2765 303 2832 dit.
330 2763 474 2836 Materia
496 2769 584 2834 enim
606 2757 701 2857 febris
723 2761 831 2832 tostin
854 2786 921 2832 nan
944 2761 988 2832 est
1012 2758 1229 2862 suppuratio,
1261 2785 1316 2832 nec
1341 2768 1518 2834 maturatio
1543 2785 1619 2857 pto·

229 2868 328 2958 pale,
353 2857 404 2931 fed
425 2859 525 2939 soiius
547 2860 722 2957 putredinis
745 2856 920 2952 repressio.
954 2863 995 2930 Et
1018 2871 1069 2933 ini
1089 2863 1171 2934 flatu
1196 2853 1302 2931 morbi
1324 2865 1457 2932 mattria
1482 2856 1559 2955 fepe
1582 2865 1619 2934 ira

230 2955 631 3039 verecundantem&
655 2959 700 3029 nil
725 2957 806 3027 dum
833 2960 901 3031 crisi
925 2978 1117 3034 evacuatum
1140 3006 1160 3041 ,·
1188 2961 1223 3025 lic
1248 2975 1355 3029 tamen
1388 2963 1467 3051 quia
1491 2960 1622 3054 repreiia

230 3057 314 3136 est,
345 3063 534 3131 urinarum
560 3056 713 3152 hypostase
747 3060 856 3152 purior
885 3058 1027 3138 exuare,
1060 3084 1136 3155 quae
1170 3052 1357 3125 sedationem
1392 3062 1424 3125 bt
1453 3054 1624 3129 vistotiam

229 3157 390 3227 declarat.
419 3158 483 3227 Cui
510 3156 633 3229 vulnus
657 3179 717 3254 pus
749 3152 910 3229 laudabile
946 3158 1087 3234 reddit,
1122 3158 1144 3225 li
1177 3147 1273 3221 febris
1298 3148 1497 3249 superveniat
1528 3160 1625 3231 etiam

259 3258 423 3329 rimariat
460 3278 519 3349 pus
545 3259 693 3350 pervertit
727 3262 762 3327 δι
793 3254 867 3321 ideo
891 3251 1013 3321 vuinus
1043 3254 1168 3326 sreoat,
1204 3252 1293 3344 quod
1328 3252 1440 3323 infitus
1463 3252 1550 3325 calor
1573 3256 1625 3326 lu·

229 3282 333 3423 beret
358 3401 369 3431 ,
394 3375 450 3421 nee
473 3352 555 3421 reete
577 3351 713 3437 eodiioni
739 3342 923 3419 incumbat·
950 3354 1000 3421 lta
1024 3374 1079 3447 per
1102 3346 1203 3421 febres
1228 3350 1395 3445 languidus
1418 3352 1538 3431 calor,
1570 3376 1625 3425 ne-

227 3454 352 3619 quiepp
379 3446 465 3521 cibos
499 3446 671 3525 secundm
697 3468 843 3525 nautam
880 3469 1052 3542 toquere,
1086 3452 1211 3523 nullam
1245 3450 1277 3519 in
1315 3451 1419 3521 urinis
1443 3450 1623 3525 coitiones

227 3551 313 3622 exhi
354 3568 384 3620 t.

285 3652 349 3721 rte
375 3642 446 3719 sunt
470 3653 605 3723 rationes
628 3647 753 3723 iernelii
776 3644 900 3745 qaibm
925 3658 1038 3748 partim
1059 3651 1182 3726 efficere
1208 3650 1279 3722 vult
1304 3700 1314 3729 ,
1350 3668 1406 3718 nec
1434 3642 1622 3718 febricitan-

224 3751 320 3819 tium
347 3750 446 3818 urine
471 3748 647 3845 hypostasin
673 3755 746 3847 puri
781 3747 995 3847 respondere,
1029 3776 1084 3823 nee
1123 3767 1245 3849 partem
1272 3748 1415 3817 humoris
1449 3746 1506 3817 elle
1531 3768 1622 3815 mnr-

218 3839 317 3917 'bum
341 3849 590 3919 committentis.
626 3850 732 3918 immo
756 3850 885 3919 iimilem
909 3855 1042 3921 omnino
1067 3850 1140 3923 ruit
1164 3848 1327 3916 materiam
1360 3847 1392 3911 in
1419 3838 1497 3917 fanis
1520 3862 1620 3936 atque

221 3946 348 4036 egris.
373 3949 412 4015 Et
437 3948 469 4014 in
495 3940 639 4017 febribus
660 3947 838 4019 restionem
864 3973 930 4021 non
953 3947 1041 4027 tile,
1067 3945 1116 4015 fed
1142 3963 1267 4015 tantum
1294 3941 1472 4039 putredinis
1496 3934 1621 4039 reptes·

223 4042 356 4111 fiunem
380 4044 571 4133 quamdam.
598 4046 698 4135 Quod
724 4046 746 4113 ft
771 4066 882 4117 rerum
906 4044 977 4123 efl,
1004 4042 1131 4139 liquid
1155 4044 1276 4113 decedit
1300 4065 1376 4113 cum
1401 4042 1493 4113 urina
1517 4041 1624 4136 hypo·

224 4137 330 4209 stafin
354 4133 488 4218 faciens,
512 4144 544 4212 id
570 4142 695 4235 iignum
720 4163 851 4215 tantum
874 4142 940 4221 eli,
965 4166 1031 4213 non
1054 4138 1169 4214 cauli.
1196 4140 1363 4235 Signum,
1388 4142 1468 4233 quia
1482 4156 1622 4211 tantum

226 4236 393 4331 fignificat
416 4236 554 4316 calorem
579 4244 725 4313 nativum
751 4239 853 4313 stadio
888 4247 922 4311 δι
955 4236 1121 4311 debilitato
1144 4240 1246 4311 calore
1281 4232 1408 4313 febrire,
1432 4233 1624 4337 superiorem

223 4338 311 4414 effe,
336 4340 428 4425 eujus
451 4354 529 4407 nota
554 4342 589 4409 tt
615 4338 739 4431 figrlum
762 4340 806 4411 est
830 4336 1032 4437 hypostafis.
1068 4343 1255 4432 Antequam
1290 4360 1340 4407 eas
1364 4340 1497 4413 rationes
1520 4356 1627 4434 oppu-

222 4453 374 4529 gnemus
400 4480 413 4512 ,
443 4434 663 4509 antirrinum
690 4439 799 4509 Galeni
828 4462 990 4537 opponere
1021 4458 1180 4535 oportet,
1213 4458 1314 4532 quam
1351 4436 1412 4506 scio
1443 4456 1462 4506 a
1487 4432 1627 4505 ferneiio

224 4532 329 4604 nihili
353 4536 406 4603 hic
429 4536 518 4613 fieti,
540 4538 618 4629 quia
641 4537 674 4605 in
700 4537 860 4608 Galerium
897 4538 937 4609 de
964 4538 1116 4609 industria
1148 4538 1216 4630 agit
1250 4536 1348 4621 buius
1379 4534 1537 4630 opinionis
1561 4535 1627 4629 pri·

220 4654 330 4703 mum
355 4632 560 4705 assertorem.
596 4638 702 4707 immo
726 4635 857 4724 Ferneiii
889 4635 991 4708 aliam
1021 4634 1243 4709 aufioritatem
1277 4632 1334 4730 ipii
1358 4632 1498 4704 Fernelio
1522 4654 1626 4727 oppo·

219 4749 369 4801 nemus.
396 4731 503 4801 Miror
526 4752 655 4806 tantam
681 4741 789 4809 virum
814 4744 848 4804 in
872 4734 931 4807 hae
953 4734 1196 4815 controverfia,
1228 4736 1261 4801 in
1322 4752 1364 4802 ua
1401 4748 1512 4829 preter
1538 4745 1623 4801 utte-

222 4854 309 4901 rum
338 4822 522 4899 sententiam
546 4834 670 4924 aliquid
695 4828 805 4905 sentire
831 4834 910 4908 uelle
943 4830 1027 4907 rifus
1049 4834 1124 4914 eii,
1156 4854 1176 4903 a
1208 4824 1236 4901 fe
1267 4754 1334 4925 ipfo
1358 4822 1550 4908 differenda,
1585 4840 1625 4899 ut
1632 4876 1657 4933 0
1691 4912 1701 4936 α
1726 4872 1757 4929 6.

220 4933 325 4999 enim
353 4919 459 4997 l‘ecum
484 4934 649 5001 convenire
672 4939 760 5028 ptius
783 4950 927 5029 oporteat
951 4955 1052 5027 quam
1076 4932 1116 5001 de
1140 4954 1173 5001 re
1196 4922 1388 5025 disceptetur
1414 4970 1426 5005 ,
1459 4920 1517 4997 fuo
1541 4928 1679 5011 enimait,
1700 4968 1724 5008 ι,
1743 4952 1776 5011 a.

221 5024 352 5120 gladio
376 5024 512 5118 'ugulari
537 5026 666 5123 potell.
703 5028 859 5114 Galenus,
881 5031 961 5121 darn
992 5048 1031 5103 es
1062 5024 1197 5131 prafeiio
1234 5030 1300 5120 agit
1324 5024 1364 5097 de
1388 5028 1624 5125 comparatione
1636 5028 1695 5111 diff.
1699 5025 1759 5109 fab.
1799 5062 1802 5097 .

308 5166 311 5169 ·
376 5125 485 5194 allanie'
506 5128 605 5223 Optr.
629 5127 726 5223 Taua,
751 5132 775 5219 ζ
780 5134 820 5204 V.
1176 5127 1230 5217 Q
1269 5130 1285 5215 3
1490 5130 1578 5222 puris
