4434 6000
1359 510 1517 617 '272

1451 639 2670 775 GULIELMUS
2831 638 3883 781 CA·PELLA‚‘

2015 800 2552 922 Medicus
2627 790 3248 916 Parifienfis
3278 885 3312 937 ‚

1606 1062 1920 1133 Gulielmo
1965 1061 2049 1130 de
2097 1063 2147 1130 Β
2169 1065 2231 1130 A
2258 1059 2288 1124 1
2312 1058 2366 1126 L
2384 1053 2531 1127 LO
2556 1053 2629 1123 U
2684 1056 2948 1125 Medico
2997 1051 3343 1144 parisiensi
3379 1049 3703 1145 Miffino

2232 1157 2313 1228 ὠ·
2358 1146 2777 1234 ommve'er
2822 1156 2890 1225 S.
2916 1156 2986 1222 P.
3016 1158 3104 1227 D.

1428 1390 1467 1394 --
1513 1415 1515 1417 ,
1585 1362 1590 1363 ἢ
1641 1358 1873 1429 ,³:353
1947 1340 2062 1409 On
2118 1339 2371 1436 perinde
2420 1355 2497 1407 ut
2543 1359 2620 1406 ex
2663 1333 2900 1421 judicio
2942 1358 3121 1405 amor
3162 1382 3186 1414 ,
3232 1336 3312 1404 sie
3364 1352 3666 1431 perpetuo
3715 1357 3795 1404 ex
3840 1356 4021 1406 amore

1608 1435 1609 1438 ’
1980 1437 2269 1526 judicum
2318 1438 2623 1532 proficisci
2672 1427 2893 1503 debet.
2942 1433 3090 1504 Hoc
3136 1431 3279 1511 ideo
3322 1440 3647 1530 praemitto
3694 1435 3870 1528 quod
3894 1459 4016 1504 cum

1444 1585 1496 1606 .-
1629 1526 1717 1618 ‚J‘
1865 1542 1873 1586 1²
1982 1530 2328 1613 φίλωὶῖας
2394 1532 2681 1604 studium
2747 1532 3034 1602 arffloris
3099 1532 3335 1603 vinculi
3406 1551 3631 1628 praeter
3695 1555 4020 1603 communes

1325 1626 1396 1723 :fa
1432 1611 1637 1727 {fa-‚-
1728 1643 1777 1715 ζ’
1817 1626 1878 1740 ’ἐξ
1985 1637 2259 1704 rationes
2305 1635 2466 1702 inter
2513 1654 2632 1701 nos
2696 1625 2881 1700 causa
2928 1625 3119 1700 fuerit
3159 1676 3183 1708 ,
3258 1653 3390 1699 non
3456 1651 3662 1704 tamen
3713 1629 4015 1701 existimare

1421 1782 1423 1793 ·
1464 1715 1581 1787 ³3“³²‘'
1646 1764 1693 1779 ¹-
1789 1729 1873 1808 *fl*
1991 1733 2179 1804 velim
2229 1731 2540 1828 poliendis
2583 1722 2791 1799 liberis
2839 1730 2966 1796 tuis
3003 1772 3027 1805 ‚
3088 1734 3208 1820 qui
3275 1729 3386 1824 ipfi
3453 1753 3562 1826 per
3609 1725 3667 1799 se
3721 1729 4011 1826 politissimi

1484 1823 1537 1884 ²-
1701 1810 1878 1931 {3²2}
1986 1824 2130 1898 sunt
2173 1852 2434 1924 operam
2480 1829 2765 1922 aliquam
2811 1819 3102 1900 ᾰξόλθθ
3149 1847 3249 1897 me
3296 1825 3579 1924 praestare
3628 1828 3831 1925 poffe.
3875 1831 4010 1899 Nam

1579 1982 1582 1983 γ
1838 1963 1843 1966 -
1988 1946 2412 2021 preterquam
2473 1927 2655 2019 quod
2716 1925 3257 1995 commendatione
3329 1946 3587 2021 paterna
3654 1928 3855 2022 proles
3911 1921 4010 2021 ipsa

1282 2019 1616 2112 gratiolior
1663 2021 1988 2101 redditur,
2033 2023 2124 2094 est
2169 2027 2361 2096 etiam
2414 2023 2480 2092 in
2531 2024 2647 2097 hae
2696 2023 2976 2120 pueritiae
3023 2024 3414 2114 ingenuitate
3462 2030 3532 2095 &
3579 2024 3852 2094 candore
3882 2068 3903 2101 ‚
3958 2045 4010 2093 ac

1282 2123 1353 2186 in
1402 2113 1799 2190 adolescentis
1847 2124 2045 2192 aetatis
2095 2118 2197 2219 spe
2246 2125 2315 2189 δι
2368 2123 2691 2217 munditie·
2747 2115 2948 2192 nescio
3013 2124 3173 2223 quid
3243 2126 3443 2217 magis
3490 2146 3693 2217 quam
3743 2127 3807 2192 in
3849 2125 4010 2218 patri·

1275 2209 1404 2288 bus
1449 2218 1474 2283 i
1520 2219 1564 2285 fi
1612 2215 1885 2289 amabile
1907 2265 1926 2283 ·
1975 2220 2074 2291 Sie
2119 2245 2269 2316 qua·
2321 2218 2577 2292 honesta
2625 2221 2907 2312 quadam
2955 2211 3264 2298 mund*
3331 2225 3491 2291 inter
3556 2245 3672 2291 nos
3723 2222 4004 2291 interdum

1285 2318 1465 2408 agita
1556 2333 1711 2387 ntur
1738 2365 1761 2397 ,
1810 2340 1888 2387 ne
1935 2317 2105 2389 nihil
2155 2341 2516 2414 ageremus,
2554 2319 2769 2390 cadem
2823 2337 2956 2389 tam
3003 2335 3299 2388 accurato
3336 2366 3360 2398 ,
3426 2323 3496 2391 δι
3542 2321 3805 2419 limpido
3845 2340 4009 2412 atque

1290 2416 1467 2482 omni
1515 2414 1889 2486 elocutionis
1918 2463 1945 2495 ,
2026 2422 2096 2487 δι
2146 2419 2390 2488 florum
2439 2439 2665 2512 genere
2713 2439 2784 2486 ae
2849 2417 3174 2486 luminum
3230 2420 3533 2488 varietate
3563 2467 3589 2498 ,
3657 2419 3842 2492 divite
3886 2416 4012 2486 stilo

1283 2511 1714 2608 pertrafflta,
1761 2514 2037 2585 veritatis
2083 2518 2279 2611 ipfius
2328 2533 2404 2586 ut
2452 2513 2766 2614 pompos:
2837 2532 3138 2597 matrona
3185 2512 3640 2609 majestatisque
3698 2541 3771 2586 ac
3814 2517 4016 2585 nitoris

1286 2609 1486 2705 plenae
1532 2614 1961 2707 patrocinium
2011 2635 2141 2709 prae
2189 2610 2247 2683 se
2295 2611 2506 2686 ferunt
2539 2659 2561 2691 ,
2628 2621 2697 2687 δε
2744 2610 3112 2706 augustiora
3162 2615 3377 2685 multo
3442 2615 3585 2684 mihi
3630 2610 3779 2684 sunt
3829 2610 3954 2684 visa
4000 2662 4013 2676 -

1288 2709 1525 2801 ltaque
1571 2713 1826 2781 remitto
1871 2710 1950 2782 ad
2002 2730 2065 2782 te
2110 2707 2400 2792 libellos,
2446 2713 2653 2807 elogio
2700 2715 2914 2811 potius
2960 2735 3163 2804 quam
3212 2735 3435 2808 ungue
3470 2713 3561 2786 vel
3604 2711 3753 2782 lima
3799 2712 3869 2780 di
3916 2734 4019 2781 nos

1291 2809 1366 2876 δε
1415 2807 1682 2900 infignes
1704 2853 1726 2885 ‚
1799 2827 2090 2903 quatuor
2153 2833 2371 2886 revera
2436 2806 2667 2882 liberos
2706 2858 2730 2890 ,
2792 2812 2992 2881 immo
3038 2805 3350 2883 libertatis
3396 2815 3467 2879 &
3518 2813 3787 2884 veritatis
3854 2734 4014 2878 ligber·

1292 2921 1399 2975 tos
1435 2951 1456 2974 .
1521 2909 1854 2991 Quintum
1905 2907 1950 2977 fi
1997 2909 2310 2980 addideris
2339 2958 2364 2990 ‚
2428 2933 2623 3006 quem
2692 2933 2823 2978 non
2893 2909 3135 2996 editum
3197 2911 3354 2992 ideo,
3403 2906 3653 2981 fortalle
3719 2904 3834 3005 sup
3903 2911 4012 2978 imis

1287 3009 1446 3099 quia
1496 3001 1759 3101 pedibus
1806 3002 1907 3077 sex
1957 3009 2188 3079 nititur
2224 3057 2247 3091 ,
2312 3008 2608 3106 quinque
2657 3002 3002 3079 liberorum
3070 3015 3169 3099 ius
3237 3013 3356 3079 erit
3399 3012 3730 3103 integrum
3774 3013 3825 3076 ti
3870 3017 3883 3027 ‘
3923 3030 4012 3103 per

1343 3104 1477 3172 uod
1526 3105 1908 3201 pupillarem
1959 3108 2229 3179 tutelam
2278 3127 2503 3205 praeter
2547 3129 2747 3202 quam
2797 3108 2990 3201 ipfius
3039 3111 3312 3179 veritatis
3347 3104 3647 3178 recusare
3693 3102 3912 3177 licebit.
3957 3104 4010 3173 Si

1291 3126 1485 3269 serius
1529 3225 1728 3293 quam
1777 3205 2125 3300 expeffares
2175 3205 2464 3300 praestiti,
2505 3208 2574 3277 id
2636 3229 2714 3276 eo
2760 3205 3018 3275 confilio
3084 3202 3193 3276 feci
3261 3229 3337 3274 ne
3404 3228 3510 3275 me
3556 3208 3842 3304 deinceps
3880 3214 4009 3280 ΨΜ·

1299 3288 1604 3357 'mv’
1651 3323 1867 3380 voces,
1919 3300 2018 3371 sed
2064 3297 2377 3380 φιλᾶηργη
2423 3308 2520 3380 vel
2566 3298 2918 3383 φιλᾶκηον.
2968 3305 3098 3373 lt&
3114 3326 3217 3382 me
3253 3321 3652 3399 ¹novumque
3700 3298 4007 3381 retinebat,

1297 3417 1681 3491 novumque
1727 3394 2058 3472 revocabat
2105 3404 2186 3472 ad
2235 3402 2643 3496 relegendum
2691 3403 2990 3473 orationis
3040 3396 3309 3487 suavitas
3340 3448 3365 3481 ,
3410 3422 3487 3472 ut
3536 3423 3759 3474 tamen
3801 3397 3898 3472 tibi
3938 3396 4011 3469 sa-

1298 3500 1540 3589 tagenti
1611 3517 1683 3565 ac
1730 3493 1980 3568 curiosi>
2057 3508 2225 3595 patri
2289 3496 2652 3576 satisfaciam
2718 3503 2834 3596 qui
2884 3493 2997 3569 tibi
3066 3503 3133 3569 in
3196 3502 3318 3571 hoc
3382 3499 3609 3572 studia·
3650 3496 3895 3598 publica
3933 3506 4010 3586 ju·

1301 3594 1495 3666 vandi
1546 3592 1758 3664 studio
1804 3619 2161 3692 numquam
2215 3595 2536 3673 satisfacis.
2592 3600 2910 3670 Adnotavi
2958 3597 3260 3690 quaedam
3324 3595 3566 3670 sonasse
3614 3600 3855 3672 leviora
3897 3621 4012 3690 qua

1302 3686 1432 3761 scio
1480 3714 1607 3761 non
1656 3690 1960 3769 omnibus
2007 3698 2353 3793 placitura.
2404 3703 2503 3773 lta
2548 3703 2614 3769 in
2665 3701 2779 3773 viis
2826 3701 3243 3792 quantumvis
3278 3692 3548 3795 publicis
3596 3702 3668 3768 δι
3710 3691 3798 3767 ab
3839 3700 4022 3764 omni·

1298 3782 1426 3862 bus
1473 3794 1634 3862 tritis
1679 3792 1862 3870 restat
1911 3790 2145 3893 semper
2190 3797 2434 3890 aliquid
2501 3792 2733 3870 laboris
2797 3798 2861 3865 in
2928 3788 3199 3865 sentibus
3270 3795 3684 3893 expurgandis
3723 3787 4023 3862 intumen-

1304 3888 1500 3957 dum.
1548 3892 1768 3961 Tuum
1815 3898 1938 3965 erit
1982 3899 2154 3988 aequi
2207 3891 2489 3990 bonique
2534 3891 2855 3969 consulere
2887 3936 2913 3969 2
2974 3911 3060 3978 ut
3095 3917 3322 3965 omnes
3372 3915 3526 3965 meas
3568 3912 3776 3984 nugas
3822 3888 3971 3960 soles
4007 3943 4019 3956 .

1302 3984 1543 4077 Neque
1586 3991 1752 4057 enim
1802 4010 1919 4063 aut
1970 3993 2319 4066 delatorem
2367 4014 2485 4066 aut
2534 4001 3056 4092 praevaricatorem
3103 3998 3207 4087 egi
3254 3988 3356 4064 sed
3402 3995 3688 4066 amicum
3757 4013 3889 4087 quo
3928 4012 4020 4058 no·

1302 4085 1469 4153 mine
1519 4084 1676 4157 mihi
1724 4094 1917 4165 etiam
1962 4085 2104 4190 sum
2151 4096 2446 4167 amicior.
2502 4096 2690 4179 Vale.
