4434 6000
621 545 713 619 tn
790 539 1236 618 teutonum.
1497 559 1567 648 rm

187 758 196 775 .
246 693 331 750 cere,
355 676 433 770 quin
459 693 570 752 contra
594 697 763 771 tamquam
787 674 838 747 sar
874 667 964 744 nobis
992 671 1041 743 esl
1072 672 1264 770 pracferenda
1297 697 1366 769 qua
1391 687 1448 748 nos
1472 684 1621 762 illustrati

187 789 196 800 ·
246 773 363 865 aliquid
397 778 538 874 praetlari
577 781 782 847 moliamur.
818 777 858 847 Et
890 775 969 842 dum
995 773 1045 841 hic
1078 771 1193 842 laboro
1220 775 1294 871 plus
1320 779 1456 847 Fcrnelio
1481 786 1520 853 ad
1547 788 1623 858 lau.

186 859 195 972 ἶ
247 871 312 938 dem
337 874 513 956 cubatum,
537 899 639 969 quam
662 875 844 945 detratrum
868 890 967 968 puro,
989 867 1071 938 sorte
1095 875 1128 939 in
1154 875 1211 942 nac
1228 882 1319 967 gravi
1343 885 1544 952 contentione
1569 899 1622 984 tp.

187 982 195 998 ⁵
245 962 426 1042 bvinear.
459 979 501 1045 Et
524 976 598 1044 idco
623 969 738 1070 suscepi
762 991 804 1042 ut
826 973 991 1042 vincerer.
1026 969 1139 1039 Vibius
1170 976 1254 1042 enim
1280 997 1344 1043 non
1370 979 1522 1048 minorem
1545 986 1621 1074 glo·

188 1059 193 1098 ¹
244 1069 342 1148 uam,
364 1093 466 1164 quam
490 1077 549 1167 qui
575 1077 683 1143 vicerit
708 1069 776 1141 sum
802 1069 1024 1140 assecuturus.
1050 1071 1096 1135 lta
1120 1074 1202 1138 vinci
1228 1075 1301 1141 viris
1323 1066 1419 1142 bonis
1442 1079 1619 1168 gloriosum

187 1158 192 1196 ³
242 1158 321 1232 suit.
348 1168 430 1238 Non
456 1171 548 1240 licuit
571 1195 645 1240 cum
668 1193 707 1240 eo
730 1169 816 1258 julio
840 1169 966 1234 militiae‘
984 1169 1189 1234 §atramento
1213 1171 1417 1249 contendere,
1442 1197 1617 1270 pugnata.

243 1283 311 1330 men
334 1289 399 1335 non
423 1265 487 1338 fuit
510 1270 734 1339 detestanda.
759 1269 906 1358 AEquitas
929 1260 1028 1331 causae
1052 1268 1168 1332 crimen
1190 1263 1353 1337 elevabit.
1378 1273 1459 1338 Non
1481 1273 1545 1372 spes
1569 1285 1621 1348 vi.

187 1362 189 1392 ἶ
243 1357 344 1431 stone
367 1387 445 1458 quae
468 1368 610 1438 homines
633 1371 716 1438 leves
741 1365 817 1442 alit,
841 1388 904 1430 non
930 1364 1161 1429 contradicendi
1180 1362 1342 1443 studium,
1369 1367 1419 1437 sed
1434 1393 1527 1439 amor
1550 1379 1617 1448 veri

242 1459 279 1526 td
301 1461 333 1528 id
359 1467 535 1539 invitavit.
569 1467 601 1535 Si
636 1463 755 1534 indicta
780 1457 871 1530 taust
905 1460 1089 1527 Fernelimn
1110 1461 1246 1530 vvitss'tum
1273 1465 1472 1544 diceremus,
1509 1471 1615 1546 nostra

241 1555 302 1626 lraec
327 1562 446 1656 culpa,
470 1563 615 1633 nostrum
640 1564 701 1632 hoc
724 1562 839 1629 crimen
865 1555 965 1627 soret.
991 1561 1023 1628 Si
1047 1556 1158 1628 nollrae
1184 1562 1340 1630 orationes
1363 1589 1438 1635 cum
1462 1565 1547 1637 illius
1565 1594 1616 1640 ar-

187 1652 188 1689 ³
237 1675 397 1746 gumentrs
421 1659 626 1734 conseruntur
641 1707 658 1741 ,
691 1657 821 1754 fingulae
844 1653 1004 1725 inferiores
1027 1677 1152 1734 erunt,
1187 1664 1222 1726 in
1248 1657 1345 1732 turba
1369 1663 1449 1734 forte
1473 1660 1615 1762 superio·

238 1774 297 1820 res.
323 1759 356 1826 si
384 1783 450 1828 non
477 1761 636 1855 pondere,
659 1781 796 1828 numero
820 1759 1011 1830 vincemus.
1045 1753 1127 1822 Non
1154 1778 1223 1826 mea
1247 1761 1365 1840 laudo,
1390 1759 1441 1830 sed
1467 1786 1617 1839 removeo

237 1853 416 1926 multotum
443 1859 645 1928 licitationem
670 1859 729 1952 qui
754 1859 905 1949 quoniam
931 1853 976 1921 nil
1000 1847 1103 1922 secum
1129 1849 1235 1924 serunt
1259 1863 1373 1952 pretii,
1400 1885 1437 1929 ne
1460 1865 1515 1956 pili
1543 1869 1615 1958 qui·

235 1949 306 2019 dem
331 1954 468 2025 licentur
492 1957 542 2029 vel
564 1960 714 2053 optima.
749 1958 790 2025 Et
813 1957 871 2046 qui
904 1945 1076 2020 scribendis
1096 1945 1185 2019 libris
1208 1977 1338 2048 operam
1375 1958 1430 2026 dat
1455 1965 1487 2026 in
1511 1985 1550 2031 ea
1573 1963 1617 2033 est

232 2046 299 2141 ipse
323 2046 456 2123 munna
479 2057 604 2148 inqua
628 2059 655 2124 is
679 2056 795 2148 quiin
821 2047 944 2122 scenam
973 2049 1079 2144 prodit
1112 2038 1268 2142 spectante
1292 2047 1438 2122 Roscio.
1472 2059 1618 2146 Qtdam

232 2167 301 2236 quo
326 2150 403 2244 plus
425 2152 494 2221 aliis
517 2147 621 2251 sapere
646 2153 834 2228 videantur,
858 2141 1023 2218 ambitiose
1047 2143 1146 2213 trillcs
1169 2147 1226 2215 eise
1251 2143 1372 2220 solent.
1397 2151 1519 2222 Contra
1539 2175 1619 2250 qur.

234 2235 294 2312 bus
318 2268 437 2320 natura
470 2253 650 2338 meliorem⁸
664 2250 802 2321 indolem
835 2246 991 2321 indulsit,
1025 2244 1160 2312 aliorum
1197 2239 1321 2348 labores
1354 2248 1521 2344 fipopulo
1545 2277 1619 2348 pro.

233 2341 313 2422 snt,
339 2346 497 2431 laudant.
520 2342 696 2418 librorum
731 2346 934 2416 hereditatem
971 2357 1029 2409 art
1053 2343 1228 2420 amittere,
1260 2361 1319 2414 aut
1343 2346 1472 2416 alterare
1495 2349 1618 2422 defidiae

230 2437 273 2508 est
299 2446 335 2512 δι
362 2445 509 2514 malitiae.
534 2446 657 2515 Contra
681 2444 802 2512 heredis
826 2435 904 2510 boui
928 2435 1076 2532 frugique
1101 2433 1222 2510 servate
1245 2443 1379 2535 legata,
1404 2468 1440 2514 ac
1465 2469 1616 2540 augere,

228 2559 336 2629 quum
364 2545 461 2614 etiam
486 2547 519 2614 in
544 2540 722 2636 quisquiliis
746 2541 867 2634 aliquid
891 2537 985 2608 nitidi
1008 2539 1120 2607 lateat·
1145 2541 1194 2608 Ae
1218 2539 1342 2614 horum
1368 2547 1477 2637 inique
1501 2548 1622 2644 alienos

230 2631 360 2706 labores
385 2635 624 2714 observantium
650 2635 746 2710 turba
771 2641 843 2707 ideo
876 2637 974 2717 latius
1007 2655 1147 2712 manat,
1179 2639 1269 2730 quod
1306 2641 1397 2712 nulla
1420 2643 1470 2712 ltx
1492 2647 1526 2712 in
1562 2671 1617 2717 cos

228 2730 391 2808 scribatur
416 2743 475 2834 qui
499 2743 535 2810 iis
585 2763 634 2811 uae
657 2743 806 2832 ignorant
829 2735 1078 2806 contradicunt:
1102 2730 1149 2804 sas
1182 2735 1224 2804 est
1248 2741 1379 2826 injurias
1404 2741 1522 2828 judicio
1547 2769 1619 2842 ,pee-

225 2827 340 2926 sequi,
367 2841 403 2906 &
429 2840 487 2931 qui
508 2765 589 2909 sali>
612 2833 754 2912 accusat,
777 2840 900 2934 quique
924 2835 984 2904 late
1008 2835 1145 2906 intendit
1166 2877 1176 2908 2
1209 2857 1245 2906 ea
1278 2839 1457 2910 mulstatur
1481 2831 1614 2935 perita„

225 2954 299 3024 qua
326 2929 524 3015 accusatus,
555 2937 867 3015 hrotsrinctrrtur,
899 2933 1115 3033 plesseretur.
1155 2933 1213 3004 Sed
1248 2937 1281 3004 in
1306 2939 1548 3023 calumniatores
1572 2939 1617 3009 nil

227 3030 408 3111 statuitur,
432 3058 502 3129 quo
527 3034 565 3104 fit
590 3054 628 3107 ut
651 3034 850 3107 audacissimo
871 3041 990 3127 cuique
1014 3032 1056 3101 ad
1080 3028 1192 3123 scripta
1217 3034 1398 3103 botrorum
1424 3032 1618 3129 detorquen-

228 3128 271 3196 da
297 3132 410 3201 aditus
435 3152 565 3228 pateat.
603 3138 707 3204 Acin
733 3157 768 3205 ea
792 3134 959 3203 incidimus
982 3150 1160 3222 tempora,
1194 3146 1232 3197 ut
1264 3154 1331 3225 quo
1355 3135 1428 3225 quis
1452 3136 1484 3201 in
1510 3135 1618 3206 alienis

226 3222 367 3299 censuris
394 3230 437 3298 est
463 3233 666 3308 malitiosior,
691 3256 730 3302 eu
755 3234 880 3303 acutior
906 3227 1156 3320 ingeniosiorqut
1182 3220 1358 3297 habeatur.
1385 3232 1519 3301 Utinam
1544 3255 1617 3309 mos

231 3328 466 3423 AEgyptiorum
500 3336 718 3407 retineretur,
753 3347 792 3396 ut
825 3331 961 3396 aliorum
987 3328 1114 3396 inventa
1146 3330 1309 3396 communi
1333 3322 1452 3400 assensu
1479 3328 1617 3427 probata

228 3422 369 3517 publicis
395 3428 554 3497 columnis
579 3432 834 3521 imponerentur.
860 3424 893 3493 Si
918 3424 997 3517 quid
1020 3425 1233 3517 imperitum,
1256 3420 1536 3522 supprimebatur.
1564 3430 1618 3499 Sic

227 3520 375 3611 gliscenti
401 3547 446 3594 ac*
464 3519 634 3596 lascivienti
661 3520 826 3593 sciolorum
851 3523 995 3616 gloriola
1018 3542 1168 3613 germana
1204 3524 1305 3594 virtus
1341 3520 1448 3620 probis
1473 3522 1619 3599 moribus

225 3640 261 3689 ac
287 3618 419 3713 legibus
442 3624 507 3692 alta
532 3646 569 3693 ac
593 3624 725 3693 educata
761 3618 941 3691 rcfillebat.
974 3622 1045 3691 Nec
1073 3622 1181 3689 omitti
1216 3617 1307 3691 debet
1338 3645 1453 3693 corum
1487 3626 1617 3697 audacia

229 3722 286 3810 qui
315 3715 502 3793 fortissimos
527 3717 673 3816 quosque
697 3720 958 3815 aggrediuntur,
992 3742 1063 3812 quo
1098 3721 1237 3815 pretium
1270 3742 1370 3816 opera
1396 3728 1497 3807 majus
1523 3719 1620 3793 fecisse

226 3818 467 3897 videantur,&
493 3825 615 3912 magis,
638 3819 825 3907 juveniliter
848 3835 954 3888 tamen
977 3820 1109 3908 gloriari
1133 3812 1275 3913 polline.
1310 3818 1343 3887 Si
1371 3823 1522 3898 vicerint,
1547 3822 1620 3917 plus

226 3918 357 3985 accedet
384 3917 510 4009 glorlae,
536 3919 558 3986 sr
586 3919 772 3995 ceciderint,
797 3918 901 3987 omos
916 3914 1092 3985 dedecoris.
1117 3917 1287 3985 Enimvero
1304 3915 1363 3984 hac
1382 3926 1525 3987 oratione
1543 3944 1619 4017 pro-

225 4012 376 4082 vefflore
402 4016 617 4109 prolusimus,
645 4035 682 4085 ut
707 4013 835 4085 honesta
860 4018 981 4085 ratione
1013 4018 1119 4083 tacitae
1151 4012 1290 4083 aliorum
1316 4014 1544 4111 reprehensioni
1567 4044 1619 4088 oc-

225 4129 447 4179 curreretur.
481 4116 564 4197 Quis
597 4120 681 4184 enim
717 4138 791 4184 turn
816 4136 881 4181 non
905 4131 1020 4203 arguat
1050 4115 1110 4203 qui
1135 4112 1215 4179 olim
1243 4116 1384 4182 Fernrlr'i
1421 4108 1532 4211 scripta
1557 4142 1623 4189 non

228 4204 405 4303 probarit,
430 4228 489 4277 aut
514 4210 536 4276 sr
560 4206 724 4305 probarit,
748 4235 834 4281 nunc
859 4206 906 4280 sui
931 4208 1084 4278 diillmilis
1108 4231 1144 4277 at
1169 4203 1358 4280 desultorius
1390 4213 1498 4283 eadem
1523 4238 1622 4312 repu-

228 4308 365 4377 dianes
395 4308 457 4402 lpsr
482 4331 540 4377 nos
564 4301 687 4378 causam
713 4311 851 4379 nollram
877 4330 968 4403 agere
1002 4308 1192 4387 voluimus,
1224 4331 1279 4377 nec
1304 4302 1493 4404 cujusquam
1527 4338 1620 4411 opem

226 4408 409 4502 implorare
432 4411 495 4499 qui
521 4428 578 4475 nos
603 4403 758 4478 excusaret
782 4426 840 4478 aut
864 4408 940 4478 ficta
963 4402 1157 4476 arcuatione
1181 4428 1239 4475 nos
1262 4402 1422 4479 deferret.
1457 4412 1494 4481 ld
1520 4408 1623 4507 suspi-

223 4506 317 4573 cione
342 4501 469 4576 fraudis
494 4528 560 4575 non
586 4524 723 4581 careret,
748 4512 912 4600 &quum
939 4506 1028 4579 velut
1053 4509 1323 4601 prevaricatorem
1360 4504 1449 4577 nobis
1482 4533 1623 4614 appone·

224 4623 362 4681 remus,
388 4602 422 4669 id
446 4604 537 4697 quod
561 4624 730 4675 acutorum
753 4605 895 4692 judicum
918 4609 1015 4675 aciem
1041 4629 1106 4672 non
1133 4606 1312 4697 effugeret.
1351 4609 1397 4674 At
1430 4606 1525 4681 letho
1560 4610 1621 4676 ho·

225 4721 299 4770 rum
326 4696 518 4772 libellorum
542 4706 574 4771 in
599 4696 718 4797 quibus
742 4701 849 4775 stilum
873 4702 982 4800 prelii,
1007 4726 1047 4774 ne
1070 4725 1090 4773 c
1114 4699 1295 4799 disputandi
1329 4726 1440 4797 genere
1464 4702 1621 4775 succinslo

225 4800 375 4867 ‹litliliret
400 4804 545 4870 omnium
571 4800 667 4872 fidem
692 4801 805 4873 saciet.
831 4806 952 4875 interea
987 4824 1121 4895 equum
1147 4802 1282 4890 judicem
1308 4803 1469 4898 appello,
1505 4823 1620 4894 aquo

227 4898 307 4966 dum
336 4895 380 4965 lis
404 4891 553 4991 pendebit
576 4902 725 4975 vindicias
749 4898 979 4998 postulamus,
1003 4920 1041 4970 ut
1065 4904 1216 4995 tantisper
1241 4905 1283 4970 rei
1308 4891 1518 4970 controversa
1545 4894 1620 4995 pos·

225 4992 353 5066 sessores
383 4994 500 5069 simus,
525 4997 623 5067 dorree
647 5002 683 5068 lis
708 5002 896 5071 dirimatur.
922 5000 983 5073 Nil
1004 5000 1142 5069 deterius
1175 5001 1208 5066 in
1235 4994 1411 5092 possessione
1434 4998 1620 5087 continget.

295 5176 299 5182 .
333 5098 481 5175 Baliaris
504 5101 600 5191 Oper.
627 5102 722 5171 Tam.
747 5104 771 5169 I
777 5104 817 5170 V.
1119 5151 1139 5179 a
1182 5096 1209 5161 L
1264 5118 1279 5181 3
1532 5096 1571 5165 lit
