4434 6000
660 593 729 663 170
868 575 1738 656 GULiEtMtnALLON11,'

606 706 751 783 coriam,
774 717 832 773 aut
856 702 1092 794 ignorantiam:
1116 699 1192 768 hine
1217 699 1347 770 tollitur
1370 719 1406 768 ea
1431 698 1546 768 fiducia
1569 705 1604 770 de
1628 699 1770 770 alacritas
1793 715 1868 788 qua
1885 693 1920 762 in
1947 693 2007 764 ho·

607 807 695 872 mine
719 806 821 894 perito
843 802 976 877 elucet,
1000 799 1075 868 hinc
1100 801 1287 894 impotentia
1320 801 1353 867 in
1379 797 1563 874 medendo,
1588 802 1622 868 dt
1654 795 1817 868 temeraria
1843 793 1999 864 audacia.

609 903 762 990 Qarum
788 901 843 972 illa
866 893 909 970 ab
935 893 1002 994 ipsa
1027 896 1218 974 timiditate,
1248 888 1380 968 hatab
1406 899 1586 990 ignorantia
1611 890 1835 993 proficiscitur.
1861 893 2007 982 Qsodfi

610 1003 673 1068 Ars
696 998 797 1070 divite
822 998 965 1092 quadam
991 991 1142 1065 facultate
1168 996 1300 1092 pradita
1324 992 1424 1070 bret,
1449 999 1498 1068 uit
1520 999 1621 1066 animi
1645 999 1677 1064 in
1696 991 1896 1062 oocolrorum
1922 1015 2006 1060 rnor-

611 1090 727 1172 borum
755 1097 928 1194 perietralia
953 1095 1138 1172 inuaderet,
1162 1117 1218 1167 nec
1241 1101 1343 1186 majus
1368 1103 1533 1188 negotium
1558 1117 1660 1188 quam
1685 1093 1801 1188 cogniti
1826 1082 1933 1160 morbi
1958 1086 2004 1160 ia·

610 1195 777 1265 reflerent.
803 1198 844 1266 Et
869 1196 930 1264 boe
954 1193 1129 1286 dolendum
1154 1195 1244 1288 quod
1269 1213 1327 1266 aut
1353 1191 1396 1260 nii
1423 1195 1608 1287 proficitur,
1632 1210 1690 1262 aut
1714 1189 1806 1285 quod
1832 1189 2003 1282 quamde·

426 1276 572 1368 ΨΜ.
611 1289 790 1366 liberationi
817 1299 852 1364 δι
876 1293 1006 1362 confilio
1029 1291 1119 1371 loeus
1144 1294 1202 1370 iit,
1223 1297 1361 1388 graviter
1386 1310 1550 1386 peccatur.
1573 1291 1652 1362 Tale
1662 1307 1824 1388 peccatum
1851 1287 2002 1358 nullaes-

426 1354 590 1490 ssffi'jm
612 1386 772 1462 cusatione
796 1413 854 1462 aur
877 1391 1021 1466 elevator
1045 1411 1105 1461 aot
1128 1392 1269 1464 eluitur:
1294 1393 1487 1461 iocantem
1514 1389 1675 1461 Medicum
1702 1384 1868 1458 sollicitare
1889 1379 1999 1464 debet,

427 1510 538 1594 Quin,
611 1515 676 1562 noo
704 1509 770 1561 tam
795 1507 834 1559 ut
857 1493 972 1585 profit,
994 1511 1094 1582 qoam
1121 1508 1159 1560 ut
1185 1515 1249 1562 non
1272 1485 1373 1560 obit.
1401 1487 1481 1558 Non
1505 1490 1629 1582 quioin
1652 1505 1794 1580 utroque
1817 1487 1999 1556 enitendum

423 1585 515 1674 scm.
610 1590 670 1668 iit,
694 1587 744 1660 sed
770 1591 898 1685 turpius
920 1588 964 1664 cli
987 1587 1088 1662 uideri
1112 1589 1267 1672 oocuille,
1293 1613 1395 1684 quam
1420 1613 1486 1657 non
1510 1581 1676 1684 profuilie.
1702 1585 1796 1676 Quid
1817 1606 1898 1679 agas
1922 1587 2000 1654 firtt

610 1687 711 1760 latent
730 1690 743 1759 i
768 1687 984 1781 Excogitanda
1006 1687 1172 1767 remedia,
1196 1709 1234 1758 ut
1257 1690 1290 1756 io
1313 1711 1350 1758 ea
1383 1709 1489 1757 rerum
1524 1683 1734 1763 difficultate,
1756 1687 1837 1778 quia
1862 1685 1910 1753 nil
1926 1685 1998 1756 dum

610 1783 790 1863 statanor,
812 1787 893 1857 dum
917 1788 1000 1858 iasio
1021 1781 1201 1880 dolorisque
1225 1781 1426 1858 exacerbatio
1457 1777 1543 1856 obest
1555 1832 1570 1866 a
1590 1790 1737 1856 innocens
1773 1781 1925 1854 officium
1947 1805 1997 1878 ap·

610 1907 739 1982 pareat.
766 1887 815 1957 Ac
839 1880 1102 1977 morbicognitio
1125 1887 1300 1956 remedium
1327 1883 1419 1956 suum
1443 1884 1607 1956 infinirat.
1633 1887 1741 1956 lmmo
1763 1875 1875 1952 morbi
1895 1887 1997 1974 cogni-

609 1993 659 2053 tio
683 1992 717 2056 &
741 1990 868 2052 contio
891 1990 926 2052 io
951 1979 980 2053 se
1004 2001 1091 2052 retro
1115 2004 1222 2054 meant
1246 2007 1282 2054 ae
1306 2001 1566 2058 conuertuntur.
1589 1982 1669 2053 Non
1686 1981 1848 2052 tamenfi
1874 1975 1999 2052 morbus

608 2087 644 2153 in
668 2078 763 2178 speeie
786 2087 821 2154 δι
846 2085 879 2150 in
902 2083 975 2154 idea
997 2079 1216 2173 cognitustli,
1241 2080 1581 2154 omnioo'curau'oncm
1604 2083 1774 2152 admittit.
1794 2080 1834 2149 ln
1855 2102 1998 2152 utimum

611 2183 775 2254 occultum
797 2181 898 2250 animi
918 2183 998 2252 acies
1021 2197 1164 2276 penetrat
1188 2227 1198 2264 ,
1222 2204 1297 2252 eum
1322 2171 1526 2279 prosequitur
1550 2203 1591 2251 aa
1610 2175 1808 2278 petfiqttitot
1829 2221 1842 2256 ‚
1867 2201 1932 2250 oon
1953 2197 1998 2250 tu·

608 2303 684 2350 men
709 2279 856 2352 radioitus
879 2277 1113 2374 castigabar,
1138 2282 1172 2348 ni
1195 2273 1331 2350 membri
1354 2276 1557 2352 resteiinoem
1567 2285 1763 2351 curationem
1777 2297 1888 2348 voees.
1915 2280 1998 2348 Mor-

610 2373 673 2451 but
706 2380 863 2450 lunaticos
881 2424 894 2458 ,
915 2373 1009 2448 febrit
1031 2396 1216 2470 quartana,
1239 2376 1329 2474 pestis
1353 2372 1414 2448 sub
1439 2379 1680 2471 intelligentiam
1699 2377 1841 2456 cadunt,
1864 2399 1931 2446 non
1951 2393 1998 2446 ta·

609 2501 685 2547 meo
707 2474 796 2552 tacite
819 2495 997 2552 curantur.
1021 2477 1127 2546 immo
1150 2477 1226 2546 Arri
1250 2470 1374 2573 probro
1393 2476 1442 2548 est
1461 2479 1551 2572 quod
1575 2473 1620 2548 ab
1643 2477 1696 2548 his
1716 2470 1794 2572 szpe
1821 2477 1998 2549 amaror.

609 2579 659 2650 Sit
685 2578 730 2646 ita
754 2576 841 2672 apud
865 2579 1000 2672 eosqui
1025 2570 1068 2644 ab
1092 2577 1171 2644 Arte
1196 2576 1321 2646 medica
1350 2595 1519 2670 tamquam
1552 2599 1574 2646 a
1609 2579 1681 2647 Deo
1705 2577 1853 2646 omnium
1878 2566 1997 2642 morbo·

611 2697 685 2744 rum
712 2679 914 2744 curationtm
936 2673 1025 2744 stulti
1048 2667 1229 2767 exsprdlant
1251 2722 1262 2744 .
1286 2667 1416 2768 Quibus
1442 2675 1618 2744 meliorest
1641 2676 1834 2766 ingenium,
1859 2691 1924 2740 aut
1950 2694 1995 2766 gr-

610 2775 706 2849 nius,
730 2768 830 2868 probe
853 2793 974 2844 norunt
998 2762 1154 2867 quosdam
1180 2765 1308 2840 morbos
1331 2767 1609 2854 tileioeurabilest
1634 2771 1695 2844 hoc
1717 2785 1820 2840 nmen
1844 2769 1996 2840 mosin-

612 2878 788 2965 potentiam
812 2895 877 2940 non
901 2872 1048 2942 indurat.
1076 2869 1230 2940 Ceterum
1254 2877 1336 2942 inter
1360 2865 1495 2942 morbos
1514 2893 1659 2966 quorum
1693 2871 1833 2962 cognitio
1857 2871 1998 2953 ioum&

612 2971 737 3041 curatio
757 2965 859 3041 ardua
880 2967 944 3053 est,
968 2966 1108 3042 censetur
1132 2967 1430 3059 Aethriritthu'fos,
1454 2972 1498 3041 ait
1526 2967 1657 3041 Paullus
1675 3016 1688 3047 2
1708 2989 1788 3041 caea
1812 2969 1906 3061 origo
1927 2965 1992 3039 eli.

613 3070 697 3139 Non
719 3086 827 3141 tameo
848 3070 994 3141 rellatum
1021 3084 1151 3167 oportet
1174 3068 1275 3139 donec
1298 3072 1495 3139 innotuerit.
1522 3069 1556 3137 0
1597 3093 1639 3141 ra
1664 3068 1801 3164 pretium
1825 3063 1873 3135 eli
1892 3086 1999 3139 eorum

614 3143 737 3237 anun*
750 3170 916 3259 magnifica
940 3164 1038 3242 uerba
1059 3159 1135 3243 alpi
1150 3158 1250 3227 ἆΝλ*
1266 3160 1313 3239 tsi
1331 3161 1397 3226 θεῖε
1418 3212 1429 3246 ,
1453 3190 1520 3261 quo
1545 3093 1596 3237 pe
1597 3169 1749 3265 explicent
1767 3172 1803 3239 δι
1826 3163 1924 3262 culpa
1949 3188 1996 3237 ιι-

612 3282 684 3333 cent
703 3265 785 3333 dum
808 3260 943 3361 superba
967 3269 1100 3338 nomina
1122 3270 1364 3366 pronuntiantes
1382 3266 1416 3335 in
1440 3264 1582 3337 remediis
1609 3269 1707 3356 jejuni
1738 3266 1773 3331 dt
1798 3260 1918 3333 steriles
1938 3260 1994 3333 iri·

430 3380 594 3460 apparat,
615 3378 725 3454 gente
747 3362 783 3429 ld
806 3364 897 3455 quod
922 3367 1026 3461 Hipp
1042 3371 1078 3433 in
1102 3368 1231 3437 Gnidiis
1255 3364 1400 3437 medendi
1436 3364 1590 3457 magistris
1613 3362 1843 3463 reprehendit,
1864 3379 1901 3432 ut
1926 3358 1999 3455 sape

428 3462 555 3523 dcvi&
614 3468 716 3529 unius
737 3460 922 3529 homunculi
947 3463 1166 3559 periclitareris
1186 3486 1284 3561 opera
1305 3467 1475 3533 temeraria
1496 3464 1569 3561 plus
1579 3486 1664 3556 aegro
1675 3463 1792 3559 prosit,
1841 3460 1999 3531 uamMe·

428 3558 513 3601 ’Μ
614 3560 678 3629 dici
702 3553 881 3654 atnpnllofi
903 3564 938 3630 dt
961 3562 1003 3631 ad
1028 3586 1183 3659 pompam
1205 3555 1545 3660 speetansdisputatio.
1575 3564 1736 3633 Admirati
1760 3581 1831 3629 mor
1898 3602 1911 3635 ι
1938 3582 2000 3629 ooo

613 3679 722 3729 autem
746 3678 858 3729 tutare
880 3658 1023 3729 hominis
1041 3660 1086 3731 eil
1109 3657 1168 3732 sua
1190 3680 1256 3733 orte
1280 3665 1315 3733 δι
1340 3662 1469 3752 ingenio
1500 3654 1659 3735 abutentis
1680 3706 1689 3729 .
1715 3662 1874 3753 Dumque
1897 3656 2002 3727 divim

557 3764 575 3804 l
616 3760 719 3829 aoitoi
739 3762 785 3829 uis
809 3756 991 3853 voluptaria
1017 3754 1229 3855 illecebrisque
1255 3760 1349 3857 plena
1369 3759 1575 3831 admiratione
1600 3762 1772 3833 retinetur,
1797 3755 1917 3825 melior
1937 3776 2003 3853 pars

615 3859 709 3929 inis
730 3856 863 3927 Medica
887 3858 1010 3929 inculta
1029 3863 1134 3946 jactes
1157 3861 1231 3929 ltine
1257 3882 1325 3955 pro,
1340 3848 1436 3930 ubere
1461 3852 1569 3933 studio
1593 3858 1644 3931 nil
1665 3856 1736 3930 iude
1758 3854 1838 3923 redit
1861 3854 1929 3921 nili
1945 3846 2004 3924 cas-

612 3954 685 4029 sneo
706 3954 861 4049 quiddam
884 3957 919 4021 ἃ
944 3961 1035 4031 urani
1058 3962 1146 4035 uocis
1167 3954 1246 4033 sorio
1269 3959 1481 4029 ἀιιοιιιιιιιι.

662 4056 827 4145 Qtouiam
863 4072 971 4126 autem
1004 4058 1113 4153 uolgo
1141 4058 1293 4129 Arthritis
1327 4058 1533 4131 Medicorum
1570 4075 1706 4131 uocetur
1735 4043 1959 4150 opprobrium
1991 4094 2005 4129 a

613 4151 706 4245 quod
727 4153 874 4219 incurata
897 4172 957 4223 aut
980 4156 1219 4247 ignorantiam,
1240 4175 1297 4227 aut
1322 4158 1470 4229 inertiam
1495 4156 1642 4234 mditet,
1666 4156 1706 4225 de
1729 4175 1770 4224 ta
1790 4154 1900 4249 paucis
1922 4150 2006 4217 dice·

612 4270 704 4321 mus.
728 4250 801 4339 Qui
821 4251 908 4319 enim
933 4252 1180 4353 Amhritinqois
1204 4246 1412 4352 profligahn,
1459 4277 1544 4329 uum
1563 4256 1710 4327 noudum
1733 4252 1773 4323 de
1795 4255 1861 4337 tior
1881 4250 2009 4342 otigint

612 4344 754 4419 roriflui
775 4352 888 4426 immo
906 4350 1009 4446 plenae
1029 4348 1106 4427 sunt
1126 4352 1414 4429 controuersiarum
1434 4278 1562 4428 birola.
1592 4353 1751 4425 Arruntis.
1764 4370 1869 4448 porro
1889 4347 2005 4457 dicitur

611 4469 719 4541 qoam
744 4447 874 4516 atocoli-
891 4468 1081 4525 aesomnes
1096 4501 1115 4534 ,.
1132 4472 1193 4525 aut
1212 4456 1356 4529 maxims
1374 4474 1489 4525 eorum
1510 4477 1587 4551 pars
1607 4452 1764 4550 melodice
1783 4440 1936 4519 abone.
1962 4443 2008 4513 Str

613 4545 773 4617 Artheitis
792 4539 839 4617 ab
858 4548 1071 4623 artuuioeum
1089 4553 1201 4623 dolore
1223 4554 1398 4646 gmttaliut
1422 4546 1534 4625 sumto
1550 4551 1782 4647 dillmguitat.
1807 4548 1850 4617 ld
1870 4545 2006 4616 Galea·

424 4632 558 4695 ΜΛ
615 4644 715 4742 plicat
735 4666 841 4737 quum
865 4646 994 4745 Hippo.
1008 4653 1056 4721 ait
1075 4655 1113 4721 io
1135 4646 1340 4746 sqpaloribut
1359 4650 1556 4728 Artbtitidts
1575 4654 1738 4747 gennem,
1763 4648 1801 4719 'ui
1823 4646 1924 4741 qood
1946 4664 2005 4713 Μ

423 4710 596 4791 ’ΜΨ
615 4745 721 4841 placet
742 4742 885 4813 Galerio:
907 4748 1023 4819 neue
1044 4748 1093 4823 est
1113 4755 1200 4821 onim
1221 4770 1262 4824 ut
1284 4752 1405 4825 humor
1427 4751 1547 4848 aliquio
1565 4752 1686 4825 doloris
1708 4748 1746 4819 stt
1766 4742 1866 4819 mse
1879 4792 1895 4823 ι
1920 4761 1954 4813 ot
1977 4744 2007 4813 io

614 4840 766 4936 squalore
785 4856 848 4912 aot.
870 4844 980 4918 nullm
997 4846 1071 4926 est,
1094 4868 1153 4923 aut
1250 4855 1373 4945 riguus
1390 4874 1410 4919 t·
1426 4852 1472 4932 lie
1490 4870 1570 4923 ome
1589 4852 1722 4923 dolores
1736 4846 1880 4942 quiden
1900 4844 2007 4913 oriun-

613 4944 693 5019 tur,
711 4965 785 5011 noo-
804 4939 979 5024 Anione,
1000 4965 1044 5017 ut
1063 4971 1143 5042 que
1160 4870 1368 5021 abnbumore
1398 4934 1807 5044 requietionum
1829 4944 1873 5015 fit
1896 4942 2006 5015 ΜΝ·

610 5040 702 5142 abpd
725 5040 901 5127 Artorius,
923 5043 999 5117 ltine
1022 5065 1127 5146 patet.
1154 5050 1194 5123 in
1217 5051 1309 5121 Aeno
1331 5048 1497 5145 legatariis
1517 5043 1756 5127 comedentibus
1774 5062 1933 5211 gusquo
1957 5038 2009 5107 do·

1919 5160 1969 5211 res
