4434 6000
494 567 554 637 ou
576 559 826 634 vincinuu
847 557 905 630 tr
925 555 1194 632 tintinnum
1215 567 1408 640 nonum.
1546 598 1589 664 ι,

253 695 291 766 si
318 713 431 766 comm
456 684 577 788 scriptis
601 691 676 762 fides
700 681 904 768 adhibenda,
923 708 1031 760 omnes
1054 686 1158 764 morbi
1182 711 1222 764 ut
1245 691 1345 764 divini
1362 685 1587 784 habebuntur,
1610 706 1647 774 dt

254 795 279 874 fi
306 795 417 866 divina
441 795 536 885 origo
558 785 622 868 est,
649 779 792 868 irritae·
815 809 948 884 quoque
973 787 1117 862 divinam
1145 792 1203 864 tile
1233 787 1422 891 oportebit.
1458 789 1511 868 'Sic
1540 801 1649 877 admi.

254 893 343 964 rmrdi
370 882 515 989 partibus
539 883 628 972 nobis
652 886 790 968 relibtis,
813 891 879 977 jam
905 888 1082 960 vacandum
1107 894 1167 962 erit
1191 893 1225 959 δι
1259 886 1568 988 conquiescendum:
1604 904 1650 980 Er

255 1011 425 1086 tamquam
449 1007 547 1060 mura
563 983 698 1088 ρειΐοηε
718 992 749 1058 in
776 987 952 1060 medicinali
976 987 1101 1060 theatro
1128 992 1240 1062 modos
1263 987 1441 1071 faciemus,
1465 995 1545 1065 nihil
1568 1018 1647 1096 pra.

248 1109 333 1164 terea
353 1107 568 1166 attentantes,
590 1084 640 1158 sed
664 1081 720 1158 loli
747 1091 837 1166 Deo,
863 1087 896 1156 id
920 1086 1081 1181 quidquid
1105 1088 1171 1168 esi,
1195 1090 1438 1187 relinquentes·
1473 1097 1580 1166 immo
1599 1097 1647 1174 illi

247 1193 400 1262 neoterici
421 1212 526 1284 quum
547 1186 745 1260 divinitatem
761 1180 882 1260 morbis
901 1189 1088 1279 affingunt,
1109 1190 1201 1282 quod
1224 1191 1446 1284 periodorum,
1469 1197 1505 1267 δι
1525 1193 1710 1278 mutuati.
1722 1213 1748 1268 a,

246 1284 341 1360 caum
369 1289 408 1358 sit
430 1292 463 1358 in
487 1281 654 1368 obscuro,
678 1308 806 1356 omnem
834 1284 980 1354 medendi
1012 1305 1113 1354 artem
1148 1291 1393 1368 contaminant,
1426 1295 1461 1365 dt
1493 1296 1526 1366 in
1548 1294 1647 1389 longe

245 1386 431 1460 diffidentes
458 1391 622 1484 opiniones
647 1385 821 1480 precipites
845 1401 973 1452 ruunt.
997 1385 1084 1457 Nam
1111 1385 1226 1458 auctor
1247 1379 1304 1453 ub.
1329 1386 1368 1455 de
1391 1381 1506 1460 abditis
1537 1413 1643 1468 rtrum

245 1489 349 1558 causis
364 1503 460 1576 negat
485 1485 659 1580 putredinis
685 1485 906 1579 proprietatem
930 1500 1005 1554 rara
1022 1499 1180 1578 certaque
1197 1485 1389 1558 circuitionis
1401 1481 1559 1567 ,caus‘am,
1580 1495 1642 1564 im.

246 1607 305 1656 mo
334 1608 375 1656 ne
397 1585 592 1680 putredinem
612 1583 741 1675 quidem
764 1574 904 1672 agnoscit
923 1582 957 1650 in
982 1574 1124 1654 febribus
1148 1582 1298 1678 putridis,
1321 1581 1524 1674 quiteriae
1550 1593 1639 1666 omni

244 1685 419 1782 putredine
436 1678 530 1752 sebris
546 1680 673 1780 putrida
690 1683 784 1752 etiam
808 1697 935 1757 manet,
960 1699 998 1754 ut
1015 1675 1133 1776 scripsit
1155 1681 1270 1756 austor
1293 1680 1367 1759 illes
1395 1683 1430 1756 dt
1454 1701 1559 1756 tamen
1570 1687 1638 1762 alio
1652 1686 1705 1783 tib.
1718 1687 1751 1750 dr
1759 1687 1805 1766 fe.

246 1783 321 1852 loco
342 1781 545 1879 periodorum
569 1776 722 1848 statatum
752 1773 877 1851 causam
903 1779 942 1850 ad
969 1783 1198 1875 proprietatem
1225 1781 1400 1878 putredinis
1424 1778 1549 1857 refert.
1576 1766 1737 1862 Sasnb'l'
1749 1805 1758 1828 ¹

244 1888 312 1954 tius
337 1881 410 1950 eiiet
434 1879 456 1950 si
481 1872 583 1969 securo
603 1871 664 1974 ipsc
690 1901 754 1948 oon
779 1875 966 1953 dissentiret,
991 1901 1092 1970 quarn
1117 1872 1265 1950 obscuras
1280 1879 1349 1952 illas
1370 1876 1476 1954 canna
1498 1905 1570 1957 cum
1587 1885 1638 1962 di-

242 1973 401 2050 scentiam
428 1972 630 2052 incommoda
654 1993 720 2048 tam
745 1976 912 2069 diligenter
936 1975 1114 2067 indagaret.
1143 1978 1282 2067 Galenus
1299 1978 1395 2071 lunge
1416 1981 1506 2054 aliter
1529 1983 1569 2056 de
1586 1985 1637 2062 di-

243 2083 327 2148 uino
353 2073 463 2154 sentit,
490 2095 529 2150 ut
553 2075 594 2148 ad
618 2079 695 2148 actis
720 2078 820 2151 varias
842 2072 1078 2148 constitutiones
1102 2077 1343 2167 attendatque
1367 2072 1555 2155 morborum
1576 2105 1635 2179 pa.

240 2195 352 2248 rentes
375 2168 478 2252 sunt,
516 2193 554 2250 ut
578 2198 616 2244 ex
643 2169 829 2273 aphorismis
855 2168 921 2248 sciri
946 2173 1070 2276 potest.
1108 2177 1156 2246 ric
1176 2176 1199 2249 st
1223 2177 1306 2248 dicat
1334 2176 1503 2256 Galenus,
1527 2157 1746 2277 quumllffl·

243 2275 391 2348 mundus
422 2275 473 2346 hic
500 2271 629 2350 inierint
653 2297 674 2348 a
697 2269 852 2372 superiore
876 2297 907 2344 re
951 2291 1029 2350 tur,
1063 2277 1096 2346 dt
1121 2297 1236 2368 corpus
1259 2277 1358 2350 uarias
1381 2279 1573 2352 murationes
1587 2236 1799 2391 obssmlg,

241 2367 441 2450 ambientem
462 2368 625 2471 suscipiat,
648 2396 713 2448 non
739 2367 841 2444 stolum
859 2365 900 2434 ior
930 2368 1036 2438 seced
1054 2375 1135 2442 ratio
1156 2372 1198 2447 ad
1221 2375 1405 2448 innumeros
1425 2369 1635 2470 agnoscendos
1643 2397 1694 2463 tot.
1781 2389 1783 2391 ’

240 2468 376 2544 morbos
392 2473 526 2545 tenenda
545 2469 607 2553 eii,
635 2466 683 2542 sed
710 2478 742 2546 dt
767 2468 905 2536 aaroni·
929 2519 938 2540 .
964 2473 1050 2541 inter
1074 2465 1183 2546 causis
1205 2469 1406 2557 effluentes,
1441 2493 1549 2549 autem
1579 2499 1634 2554 aer
1684 2496 1711 2572 s·

238 2571 306 2642 sive
331 2571 446 2642 eaelum
471 2575 587 2668 primas
610 2588 724 2644 tenet.
750 2573 789 2642 Et
814 2592 917 2666 quum
942 2559 1074 2637 ,nato
1098 2565 1259 2668 pressio
1281 2571 1546 2656 commendatur,
1570 2558 1756 2652 hoelis-¹·

241 2667 452 2768 Hippocratis
470 2671 635 2742 confilium
663 2669 791 2742 videtur
810 2687 848 2742 ut
868 2687 1051 2768 temporum
1069 2673 1325 2766 preteritorum,
1347 2665 1517 2768 premam
1536 2657 1710 2753 sermm·

241 2785 397 2840 surorum
423 2772 505 2846 ratio
533 2771 659 2844 ineatur
687 2768 729 2844 ad
754 2763 831 2840 bene
857 2773 891 2846 dc
916 2769 1086 2870 prudenter
1116 2769 1156 2842 de
1179 2761 1300 2843 morbis
1331 2764 1628 2873 prascmiendum.

243 2868 352 2958 Quod
378 2867 459 2938 idem
488 2869 612 2944 Galeno
638 2867 762 2942 tidnur
786 2870 819 2936 in
843 2887 1090 2944 commentario.
1118 2866 1183 2945 Sed
1207 2888 1265 2940 nos
1288 2870 1323 2941 dt
1353 2869 1441 2942 aliud
1474 2871 1628 2963 adjunge-

242 2987 339 3039 mus.
371 2963 452 3039 Non
477 2960 578 3043 solum
603 2967 748 3041 divinum
773 2967 853 3043 illud
873 2968 914 3045 de
938 2961 1196 3045 alterationibus,
1220 2963 1627 3044 &vicissitudinibustem
1638 3028 1689 3091 a

238 3058 1510 3252 aas“isitiiuuiliiuzu''usmitan-:sitsi
1529 3034 1794 3242 “still

238 3261 362 3341 lentes,
386 3210 583 3358 mdlignique
603 3192 969 3355 oboriuntutmuip'od
977 3186 1090 3333 carrd
1099 3256 1223 3353 aliquid
1243 3253 1342 3329 latens
1358 3203 1393 3333 dt
1418 3184 1618 3335 montilum
1628 3190 1793 3341 :mg

237 3356 379 3432 habent.
403 3362 492 3435 Nam
516 3366 551 3435 δι
578 3382 615 3459 pe
659 3356 714 3433 smi
737 3352 898 3437 troanie
922 3352 994 3427 sunt
1015 3351 1150 3431 funesti,
1172 3376 1275 3452 quum
1297 3354 1446 3433 humores
1473 3343 1792 3435 tonderem«-

233 3476 280 3531 tet
305 3482 325 3529 a
353 3458 519 3549 maligno,
543 3460 576 3525 δι
617 3458 769 3546 pirituurn
787 3451 1005 3547 dissipatione,
1028 3475 1132 3555 quum
1153 3472 1224 3547 pars
1240 3448 1416 3527 animabitis
1433 3434 1790 3579 occupaturopwff‘

236 3560 273 3624 &
315 3558 434 3626 arrium
456 3546 623 3625 solidarum
637 3551 860 3648 corruptione,
884 3572 986 3642 quum
1010 3554 1071 3623 iiia
1085 3545 1291 3624 obsidentur.
1314 3550 1503 3650 Simpliciter
1512 3574 1621 3633 aurem
1737 3537 1789 3591 ‘⁸‘

240 3580 394 3717 nabunt«
410 3650 610 3723 dicuntur&
638 3648 716 3723 mali
742 3670 844 3743 quum
872 3642 913 3718 ab
936 3650 1117 3724 alteratione
1136 3668 1263 3723 tantum
1297 3668 1478 3750 temporum
1507 3658 1620 3732 oriun-

236 3770 292 3821 tur
314 3799 323 3817 .
355 3750 405 3823 De
423 3766 562 3843 utroque
580 3748 678 3820 modo
694 3748 866 3841 intelligere
883 3746 1007 3825 uidetur
1026 3750 1239 3845 Hippocrates
1256 3752 1290 3817 iu
1316 3770 1430 3849 progn.
1450 3745 1620 3831 subiissem
1668 3760 1700 3825 a.

237 3840 599 3942 serescribtnsmportet
625 3836 678 3913 cc'e
692 3834 771 3926 uult
795 3844 895 3930 idest,
918 3851 1076 3946 impetus,
1100 3850 1316 3925 incitationes,
1340 3850 1374 3918 dt
1402 3840 1510 3931 irilovt
1534 3872 1623 3923 mor·

241 3940 361 4025 butum
383 3946 484 4038 vulgo
506 3944 710 4037 gratandum
727 3940 924 4039 dignoscere,
949 3970 1004 4023 nec
1029 3970 1094 4021 ooo
1119 3963 1301 4038 temporum
1313 3944 1547 4023 conditionem,
1561 3950 1622 4026 1100

239 4036 422 4137 aphorismo
441 4042 521 4121 illud
539 4045 684 4120 diuinum
711 4048 748 4121 in
765 4038 887 4119 morbis
903 4040 1129 4123 adumbratur.
1154 4034 1242 4111 Κατ’
1256 4033 1365 4122 ἆξοχω
1383 4062 1491 4120 antem
1508 4048 1541 4117 in
1565 4048 1622 4119 de.

236 4136 426 4221 srdtionibus
443 4162 625 4241 temporum
648 4139 718 4211 lain
733 4142 970 4237 intelligemus,
994 4170 1099 4240 quom
1131 4134 1236 4217 morbi
1259 4150 1320 4242 qui
1344 4143 1417 4219 inde
1452 4138 1623 4225 nascuntur

239 4264 444 4317 communem
470 4242 607 4315 aliorum
638 4238 749 4319 sortem
778 4237 953 4350 superant,
978 4246 1174 4319 medicorum
1206 4264 1335 4340 optram
1367 4242 1517 4321 ludunt,
1540 4266 1625 4347 quos

240 4346 413 4419 multorum
437 4344 577 4439 periculo
602 4335 677 4440 saepe
698 4338 801 4443 sapere
818 4360 962 4439 oporteat
982 4392 989 4413 .
1016 4344 1172 4418 Occultos
1195 4362 1302 4416 autem
1328 4334 1460 4418 morbus
1486 4368 1552 4420 non
1574 4344 1624 4421 dl.

238 4462 326 4515 cetur
340 4462 446 4535 quum
465 4464 565 4517 aerem
582 4442 757 4543 caelumque
769 4460 940 4539 tamquam
957 4437 1081 4517 causam
1101 4446 1133 4507 ὅ(
1151 4430 1288 4529 'risve
1309 4435 1448 4517 habeat,
1472 4436 1622 4535 sedquod

243 4558 400 4617 venenata
416 4542 581 4637 qualitatis
595 4544 804 4635 ingenium&
823 4534 932 4643 specics
949 4564 1013 4611 non
1024 4542 1240 4633 intelligatur.
1259 4540 1357 4615 Unde
1374 4530 1620 4618 moritoniae

239 4638 408 4717 dicuutur,
430 4636 583 4719 omnibus
598 4642 740 4719 remediis
758 4646 817 4719 rire
833 4642 1023 4739 comparatis
1046 4640 1127 4715 niltil
1154 4658 1239 4737 pane
1260 4638 1420 4715 cedentes.
1446 4640 1494 4708 Eo
1510 4658 1621 4715 autem

241 4742 421 4813 attentiores
437 4744 469 4821 in
487 4747 526 4813 iis
547 4736 766 4837 dignoscendis
782 4758 840 4817 nos
858 4741 916 4813 elle
932 4758 1061 4837 oportet
1078 4788 1089 4824 ,
1115 4743 1147 4811 δι
1175 4738 1264 4832 quod
1282 4732 1402 4813 sensum
1419 4758 1547 4811 omnem
1566 4756 1622 4805 co·

220 4838 489 4933 ‚gitatiuuemque
510 4838 644 4919 solitam
661 4842 837 4937 decipiant,
861 4838 1057 4917 &homines
1079 4843 1226 4915 incautos
1249 4838 1388 4915 tollant,
1413 4834 1618 4911 &sueorum

243 4942 306 5014 rim
328 4954 471 5013 accurate
488 4956 654 5023 tenemus,
678 4938 811 5017 curandi
827 4932 1104 5037 prasentieodique
1122 4940 1315 5013 omnismrio
1333 4930 1425 5044 nobis
1439 4930 1500 5005 erit
1514 4932 1547 5004 in
1557 4954 1618 5037 pa·

241 5054 329 5117 rato·
354 5034 407 5115 sic
424 5036 620 5121 ditiiritasin
642 5034 761 5119 morbis
777 5035 975 5120 allimanda,
999 5062 1061 5115 non
1081 5056 1185 5115 auem
1206 5022 1440 5209 msiouqurbus
1456 5046 1621 5202 ponesrpto.
