4434 6000
653 667 673 718 a
823 649 886 720 DE
905 643 1163 724 VlRGlNUM
1178 643 1236 714 ET
1255 639 1525 715 Mulierum
1546 639 1744 711 Morinis.

605 789 696 846 retur
719 813 729 836 .
754 762 842 833 ldem
865 757 928 834 sere
953 759 1090 832 Natura
1116 779 1223 829 rerum
1257 762 1406 830 omnium
1430 768 1552 854 patenti
1572 769 1606 832 ln
1629 756 1816 861 corporibus
1845 759 1957 831 nostris

603 863 774 944 condendis
798 885 835 934 ac
859 859 1054 960 procreandis
1078 853 1185 930 visum
1201 857 1473 954 constitutumque
1495 858 1539 930 eil
1561 905 1574 938 ‚
1594 885 1634 932 ut
1656 863 1765 957 quoad
1782 864 1860 931 eniti
1885 855 1964 959 pos·

604 965 669 1050 ser,
692 987 730 1036 ea
753 980 867 1034 aterna
892 953 1057 1052 omnisque
1090 961 1276 1029 mutationis
1307 962 1447 1055 expertia
1471 956 1640 1043 redderet,
1673 985 1714 1032 nc
1744 955 1832 1033 brevi
1856 981 1962 1030 rerum

604 1068 672 1140 liae
701 1060 886 1134 univerfitas
918 1062 951 1130 iu
986 1059 1108 1152 aliquas
1126 1057 1289 1152 anguillas
1312 1057 1441 1129 redadia
1465 1080 1624 1130 corrueret
1649 1080 1749 1155 atquc
1771 1062 1924 1157 deperiret
1950 1107 1960 1125 .

603 1166 680 1253 Jam
703 1165 788 1234 enirn
813 1158 920 1229 multo
944 1176 1017 1228 ante
1041 1158 1228 1254 previderat
1253 1153 1410 1228 summam
1434 1153 1655 1253 perfeuionen
1674 1159 1732 1230 elle
1756 1184 1792 1230 ac
1817 1156 1964 1255 prestan-

604 1263 760 1336 tillimum
787 1252 912 1328 bonum
938 1251 1016 1326 benc
1041 1259 1144 1328 vivere
1167 1279 1205 1326 ac
1229 1252 1368 1352 perse&
1392 1258 1535 1350 undique
1559 1261 1625 1328 vita
1648 1256 1732 1328 frui:
1757 1259 1962 1354 quodunum

605 1381 674 1436 tam
699 1349 870 1458 praestabile
894 1348 1019 1424 bonum
1052 1375 1100 1422 res
1123 1353 1280 1430 caduca,
1311 1358 1398 1423 ortui
1421 1358 1626 1448 interituique
1657 1352 1789 1447 obisset
1812 1350 1967 1450 consequi

603 1485 671 1532 non
698 1455 834 1553 pollent,
861 1450 918 1519 nili
941 1474 980 1520 co
1003 1444 1243 1546 conspirarent,
1276 1469 1316 1519 ut
1339 1474 1406 1544 qua
1433 1452 1502 1521 ficri
1526 1475 1593 1526 arte
1626 1455 1723 1549 pollet
1756 1458 1964 1528 eternitatem

602 1561 691 1630 lllam
725 1553 912 1644 denegatam
946 1547 1162 1628 redimerent,
1195 1552 1231 1618 δι
1267 1565 1517 1645 compararent.
1550 1555 1661 1646 Ecqua
1692 1557 1778 1625 enim
1814 1549 1964 1652 perlestio

602 1673 711 1753 quum
742 1649 825 1746 quid
858 1653 1000 1746 primum
1020 1665 1133 1720 natum
1158 1648 1192 1715 ln
1216 1668 1398 1742 auramque
1434 1648 1517 1717 hanc
1549 1652 1670 1720 editum
1695 1649 1821 1732 suerit,
1852 1651 1965 1751 praello

601 1751 701 1828 adellc
717 1744 844 1822 occasus
868 1745 1074 1818 necellitatem
1100 1792 1112 1826 ,
1136 1767 1174 1814 ac
1199 1749 1232 1816 io
1255 1741 1284 1816 se
1308 1769 1415 1841 gerere
1440 1743 1618 1822 intestinam
1643 1746 1690 1818 sui
1714 1754 1863 1824 interitus
1887 1774 1962 1822 cau·

599 1850 665 1931 sam
682 1874 756 1946 quae
774 1845 880 1918 statim
906 1847 1097 1919 viriditatem
1129 1867 1261 1917 omnem
1294 1847 1454 1924 decutiat,
1475 1871 1512 1916 ac
1533 1850 1634 1918 atatis
1659 1849 1773 1921 florem
1797 1851 1920 1921 ductat
1944 1861 1958 1917 e

599 1957 914 2044 Quantumcumque
938 1963 1044 2018 autem
1070 1947 1102 2016 in
1128 1939 1231 2042 priscis
1254 1946 1363 2039 legum
1387 1939 1546 2018 latoribus
1569 1945 1710 2019 liudium
1734 1972 1771 2020 ac
1803 1947 1960 2020 induilria

600 2053 763 2148 viguerit,
786 2067 917 2120 eventus
941 2069 1053 2118 eorum
1075 2049 1261 2146 opinionem
1285 2042 1423 2118 stfessit.
1450 2045 1522 2117 Nec
1544 2048 1629 2117 enim
1665 2048 1697 2116 id
1731 2043 1882 2144 consqui
1906 2071 1965 2144 po·

601 2167 757 2226 ruerunt,
777 2148 860 2242 quin
886 2145 1041 2218 vetustate
1065 2145 1269 2216 conditarum
1302 2140 1436 2216 urbium
1461 2145 1545 2241 legis
1572 2144 1744 2220 conditoris
1777 2153 1966 2218 memoriam

601 2252 805 2326 conficiente,
829 2263 905 2318 ratae
924 2249 958 2314 dt
978 2243 1071 2324 slata
1119 2268 1169 2315 uae
1192 2237 1379 2340 quibusque
1403 2238 1499 2316 rebus
1520 2249 1680 2337 ingruunt
1707 2249 1817 2326 vices,
1841 2250 1875 2314 in
1904 2239 1967 2312 rel*-

603 2343 750 2447 publicas
772 2347 966 2424 inciderent,
989 2343 1064 2416 alias
1089 2269 1201 2424 delus,
1227 2343 1348 2414 tardius
1371 2344 1470 2422 allas,
1496 2363 1597 2441 prout
1621 2341 1690 2414 suas
1715 2344 1797 2444 leges
1821 2338 1967 2415 sancive-

601 2465 681 2520 runt
698 2439 819 2615 qpibus
844 2436 1052 2540 Respublicas
1086 2443 1299 2514 instaurarent
1326 2467 1363 2514 ac
1384 2437 1606 2516 roborarent.
1639 2443 1741 2516 Nulla
1775 2445 1860 2514 enim
1897 2460 1966 2512 rant

601 2552 637 2618 δι
660 2571 703 2645 op
738 2565 775 2614 us
800 2537 1036 2614 &honoribus
1060 2539 1344 2620 llorenseivitaa,
1377 2542 1470 2614 nulla
1495 2560 1563 2613 tam
1590 2535 1701 2613 sanctis
1731 2538 1856 2637 legibus
1885 2537 1968 2616 suu·

601 2645 709 2722 data,
750 2641 837 2712 nulla
880 2646 998 2734 quovis
1031 2643 1212 2712 etiamnum
1256 2633 1419 2712 bonorum
1462 2662 1575 2736 genere
1609 2635 1779 2712 nobilitata
1812 2643 1864 2710 cui
1895 2663 1964 2708 non

602 2737 679 2814 suus
713 2735 809 2812 suerit
840 2761 966 2810 marcor
998 2733 1089 2821 ,sua
1114 2735 1255 2811 senestus
1286 2783 1301 2818 ,
1335 2764 1412 2838 quae
1443 2765 1509 2810 non
1544 2739 1674 2812 tandem
1705 2739 1746 2810 de
1767 2733 1831 2814 suae
1855 2737 1968 2831 digni-

605 2844 681 2914 tatis
704 2839 810 2934 gradu
835 2837 952 2926 dejetn
977 2879 990 2914 2
1013 2861 1117 2934 quum
1143 2840 1264 2934 alioqui
1288 2847 1399 2910 ceteris
1421 2835 1578 2910 exstindiis
1601 2840 1761 2919 eluceret,
1785 2837 1856 2909 aliis
1879 2836 1970 2906 ludi-

603 2934 677 3013 brio
695 2961 734 3011 ac
745 2941 920 3011 contemtui
936 2931 1051 3007 suerit.
1078 2937 1182 3023 Quod
1207 2945 1242 3011 δι
1267 2958 1390 3011 natura
1412 2935 1588 3014 usuveniisc
1612 2942 1647 3010 in
1672 2933 1734 3013 suis
1755 2934 1967 3011 artbiredian·

603 3040 652 3109 dis
670 3034 822 3134 operibus
835 3035 1091 3117 certumesl,illa
1108 3062 1208 3132 quam
1227 3043 1367 3111 maxime
1392 3042 1459 3111 fieri
1485 3036 1585 3136 potest
1610 3035 1665 3109 sua
1688 3061 1785 3133 opera
1817 3038 1968 3107 limatae

606 3136 728 3233 perficit
741 3156 933 3226 omnemque
957 3158 1069 3209 corum
1094 3139 1351 3218 imitandorum,
1378 3134 1464 3238 spem
1489 3130 1664 3210 artificibus
1681 3135 1867 3232 peritissimis
1894 3133 1974 3234 adi-¹

433 3240 583 3307 'Animis'-
606 3236 688 3309 mit,
712 3249 751 3299 ut
776 3230 822 3297 nil
844 3230 1007 3298 desiderari
1031 3234 1122 3323 poffit
1155 3238 1245 3331 quod
1269 3237 1385 3310 melius
1417 3233 1461 3309 ab
1485 3260 1523 3309 ea
1546 3232 1668 3308 fastum
1691 3253 1866 3334 oporteat.
1892 3234 1966 3304 Nec

436 3342 487 3383 um
509 3323 747 3402 ‘Wlffldubium
764 3324 808 3397 est
833 3330 1037 3421 quincorpus
1061 3326 1144 3395 illud
1168 3341 1261 3423 quod
1283 3342 1440 3413 aurariis
1464 3338 1629 3437 principiis
1651 3348 1929 3431 coagmentavetat
1953 3376 1969 3411 ι

434 3421 494 3547 ’δ’
571 3476 581 3509 ι
632 3430 763 3523 uodquc
786 3418 911 3494 summa
934 3442 1002 3493 arec
1025 3422 1212 3502 effinxerat,
1235 3428 1258 3494 fi
1282 3429 1366 3496 idem
1384 3440 1428 3499 ad
1453 3440 1550 3509 finem
1575 3432 1676 3532 usque
1698 3423 1818 3508 servare
1842 3426 1969 3529 potuis·

437 3500 580 3646 43⁰5?
609 3454 671 3607 set,
696 3528 728 3597 id
754 3518 961 3625 prestitisset,
989 3516 1039 3591 sed
1058 3520 1142 3593 -illud
1165 3524 1327 3597 elementis
1348 3548 1387 3595 ex
1418 3522 1545 3621 qulbus
1573 3534 1717 3602 idoneam
1743 3525 1970 3605 constituendis

430 3622 542 3722 fauni
607 3619 796 3725 corporibus
814 3626 977 3695 materiam
996 3618 1209 3719 depromserat
1218 3626 1407 3721 denegatum
1428 3625 1534 3702 vidit,
1558 3626 1648 3716 quod
1667 3628 1718 3701 illa
1737 3635 1838 3699 varias
1854 3627 1972 3697 altera.
2067 3671 2068 3694 ι

431 3724 533 3823 step,
607 3716 707 3799 tiones
726 3724 837 3797 necesse
862 3724 897 3794 fit
922 3714 1025 3792 subire
1051 3770 1061 3791 .
1085 3724 1127 3794 Et
1150 3748 1256 3818 quum
1280 3726 1336 3796 illa
1361 3726 1428 3796 vim
1453 3726 1487 3792 in
1511 3722 1684 3819 composita
1707 3726 1910 3815 conflataquc
1924 3744 1968 3791 err

438 3804 586 3866 ‘’'sw'su‘
607 3824 637 3898 se
659 3848 793 3921 corpora
817 3824 983 3913 conjiciant
999 3844 1036 3893 ac
1058 3820 1249 3900 conserant,
1274 3824 1339 3895 haec
1362 3817 1500 3895 suorum
1524 3820 1778 3921 primordiorum
1804 3828 1887 3895 vices
1912 3842 1971 3895 ex·

438 3886 799 4041 affigi-perititiam,
824 3918 1198 3994 lisdem'alterationibus
1218 3916 1440 4011 subjicientur.
1468 3919 1532 3991 Sed
1556 3920 1757 3991 reconditiori
1781 3938 1848 3992 arte
1873 3922 1965 4013 inge·

435 4032 723 4125 iispnma‘nioque
746 4023 868 4119 aliquid
893 4020 984 4093 aliud
1008 4035 1122 4097 natura
1145 4018 1422 4104 comminiscitur,
1444 4044 1516 4118 quo
1541 4024 1621 4093 vices
1646 4018 1717 4091 illas
1742 4024 1777 4091 δι
1810 4022 1966 4089 mutatio·

435 4130 558 4219 tivum:
604 4144 658 4195 nes
672 4122 820 4195 redimat:
845 4140 885 4194 nc
909 4114 1018 4192 saltem
1040 4144 1104 4193 non
1130 4122 1224 4223 potiit
1248 4123 1441 4195 nonnullam
1455 4123 1641 4193 aternitatis
1658 4113 1721 4191 suae
1745 4114 1874 4217 speciem
1891 4119 1968 4186 reti·

430 4202 566 4284 pervasor
584 4240 676 4295 ‘nere
716 4244 759 4294 ua
783 4217 876 4293 suum
895 4244 977 4320 opus
1000 4226 1147 4304 vietum,
1169 4222 1358 4295 dillolutum
1378 4245 1415 4293 ac
1439 4212 1675 4293 moribundum
1706 4216 1852 4289 sustinere
1871 4214 1967 4311 pollit

600 4344 637 4395 uc
661 4244 840 4395 sublevare.
867 4324 961 4393 Dum
977 4324 1061 4393 enim
1084 4324 1212 4395 tantula
1222 4317 1348 4394 seminis
1370 4316 1744 4399 mulcabutitur,ortus
1770 4319 1967 4413 procreatio·

599 4416 716 4516 tresque
733 4439 915 4522 perpetuat,
938 4426 974 4494 δι
992 4427 1025 4492 in
1050 4421 1228 4520 pufillare,
1253 4441 1422 4520 tamquam
1444 4430 1554 4519 penu,
1582 4440 1741 4511 magnum
1764 4412 1891 4506 aliquid
1915 4434 1968 4483 re-

600 4522 736 4592 condit.
763 4525 906 4595 ltacnim
924 4524 1185 4619 unumquodquc
1207 4524 1389 4595 vitaliaura
1399 4520 1507 4593 stuens
1527 4526 1592 4606 jam
1617 4512 1826 4589 erminum,
1850 4513 1884 4579 in
1903 4506 1968 4581 suis

601 4614 729 4692 delestis
751 4622 895 4717 reliquiis
917 4618 1074 4697 reviviscit
1090 4644 1128 4694 ac
1145 4647 1179 4693 re
1225 4617 1354 4707 erasdt,
1377 4624 1461 4693 dum
1480 4614 1622 4691 sobolem
1644 4636 1721 4709 qua
1744 4611 1893 4683 vicariam
1904 4632 1968 4707 pro

600 4738 729 4823 potetate
752 4716 910 4821 supponat
934 4738 1081 4821 operam,
1105 4717 1168 4794 sub
1195 4728 1289 4798 ituit.
1315 4727 1355 4795 ln
1377 4722 1468 4793 illam
1482 4723 1569 4790 enlm
1594 4712 1687 4787 suain
1712 4710 1889 4781 inclinatam
1898 4712 1966 4794 ianr

599 4842 637 4889 ac
662 4820 848 4917 languidam
873 4824 972 4895 vitam
991 4820 1130 4903 confert,
1155 4841 1195 4894 ut
1218 4826 1253 4894 in·
1277 4846 1315 4893 ea
1338 4838 1533 4895 renovatum
1560 4838 1598 4887 ac
1621 4807 1776 4885 msultans
1801 4807 1968 4896 οιιὶιιιιίιιιι
2067 4859 2068 4862 ,

437 4910 546 5007 trenel.
601 4927 785 4993 actoritatis
809 4942 939 5018 compos
958 4916 1124 4995 subsiliat.
1154 4924 1257 5015 Quod
1282 4922 1423 4995 Natura
1445 4940 1528 5017 opus
1592 4910 1809 4986 rlestillimum
1827 4908 1971 4993 ,najo-

435 4990 558 5131 ἷῖΐῆ
606 5036 738 5110 temque
753 5022 858 5092 multo
883 5018 969 5093 illius
985 5020 1174 5093 industriam
1191 5021 1255 5092 defi
1321 5039 1353 5103 t,
1377 5019 1523 5119 quamsi
1558 5038 1641 5087 uum
1664 5010 1746 5083 illud
1769 5027 1851 5106 opus
1875 5026 1968 5101 prm.

609 5118 694 5211 ⁶le
713 5134 884 5203 mmm,
908 5124 944 5197 dt
966 5120 1180 5213 disolationis
1201 5117 1532 5219 aeciumelfinriisct·
1558 5118 1613 5191 aa
1637 5118 1812 5209 quicquam
1828 5102 1872 5176 et
1895 5124 1970 5173 ma·

1829 5208 1922 5298 ,nrt
