4434 6000
678 495 749 578 „a
897 482 1739 560 oucrxxnrnnrronrr

624 632 701 696 ωδ»
725 640 764 697 ut
784 647 851 722 per·
865 626 991 696 urinam
1014 622 1230 701 diffundatur,
1255 641 1311 690 nee
1335 615 1403 689 ulla
1432 612 1557 688 secretio
1584 615 1617 684 vi
1644 606 1763 686 nat'ura·
1789 613 1870 684 fiat.
1911 609 2009 682 At&

511 782 515 791 .
623 719 724 792 urinae
749 737 856 794 tennes
879 743 1054 820 apparent,
1077 717 1136 793 ubi
1162 721 1267 791 multa
1292 719 1468 794 eruditas,
1492 721 1528 786 dc
1550 714 1652 786 erade
1672 759 1683 790 ,
1707 709 1762 784 ubi
1786 713 1897 782 eadem
1938 707 2006 780 cll.

622 812 706 888 Non
731 840 893 917 propterca
918 841 1024 894 tamen
1046 820 1132 892 adest
1157 817 1347 917 hypostalis,
1372 835 1408 884 ut
1436 810 1639 911 paullopost
1664 817 1837 908 aperiemus
1862 859 1872 878 .
1914 809 1958 878 Et
1980 813 2005 880 in

624 917 733 987 multis
756 914 835 990 sanis
858 923 957 996 utin:
983 945 1048 990 non
1080 915 1200 990 habent
1233 917 1469 988 sedimentum.
1508 913 1589 982 Non
1622 911 1714 1004 quod
1738 935 1800 980 non
1827 909 1888 978 lint
1918 909 2005 980 multi

622 1017 714 1085 crudi
737 1013 842 1096 succi,
868 1014 918 1090 sed
943 1022 1017 1090 talis
1041 1019 1181 1090 cruditas
1204 1039 1223 1087 a
1250 1033 1364 1088 natura
1389 1019 1530 1106 regitur.
1558 1011 1599 1078 Et
1622 1013 1648 1077 is
1672 1010 1791 1080 humor
1814 1007 1859 1078 est
1885 1012 1948 1100 qui
1966 1031 2005 1077 ea-

619 1109 682 1182 lori
706 1115 812 1185 nolito
836 1114 994 1216 pabulam
1018 1116 1061 1186 est
1086 1123 1120 1186 in
1143 1118 1266 1207 jejuniis
1291 1115 1393 1208 longis
1413 1162 1421 1182 .
1439 1112 1513 1182 &d
1548 1107 1662 1178 nitoris
1698 1110 1811 1178 multis
1841 1129 2005 1202 argumen-

620 1215 683 1288 tis,
705 1209 828 1306 quibut
853 1220 978 1313 partim
995 1210 1133 1311 probant
1158 1213 1336 1312 hypossafin
1361 1235 1426 1281 non
1450 1209 1505 1280 elle
1530 1233 1549 1278 a
1575 1203 1707 1278 secunda
1731 1207 1910 1289 motione,
1939 1229 2002 1304 par-

624 1310 683 1378 tim
706 1335 725 1382 a
750 1315 871 1409 prima,
896 1337 972 1385 uno*
988 1310 1087 1388 verbo
1112 1310 1295 1386 sententiam
1320 1310 1459 1381 nollram
1483 1329 1690 1404 exponemus.

673 1411 723 1479 Ut
747 1406 870 1506 [anguis
894 1413 1169 1510 fiat,multipliors
1193 1407 1265 1484 sont
1293 1412 1553 1508 preparationes,
1578 1410 1612 1476 dc
1630 1403 1809 1475 coctiones.
1836 1405 1913 1475 Nec
1931 1409 1998 1476 min

621 1503 676 1578 iste
699 1504 862 1580 tbessurut
884 1510 980 1598 justat
1003 1512 1170 1606 qualitates
1204 1519 1238 1582 δι
1271 1505 1475 1580 substantiam
1511 1507 1676 1597 acquirit,
1709 1505 1766 1573 nisi
1790 1499 1997 1575 claboranone

619 1609 724 1678 multa
748 1629 931 1706 preeunte.
969 1609 1009 1679 Et
1033 1612 1147 1705 siqua
1177 1613 1209 1680 in
1235 1633 1268 1680 re
1293 1629 1409 1680 natura
1435 1601 1542 1676 sedula
1574 1601 1618 1673 est
1647 1648 1657 1679 ,
1689 1607 1723 1672 in
1759 1600 1915 1697 sanguine
1942 1630 1995 1675 nno

621 1707 817 1776 conficiendo
839 1731 909 1780 eam
933 1709 1130 1802 diligentiam
1157 1707 1300 1806 praestat.
1327 1707 1398 1776 Nec
1422 1705 1502 1774 adeo
1528 1700 1622 1772 facilis
1648 1707 1682 1772 δι
1708 1723 1834 1800 promta
1860 1727 1902 1774 ex
1927 1729 1995 1797 quo·

623 1807 672 1876 vis
695 1805 851 1875 alimento
872 1806 917 1877 etl
941 1803 1105 1902 satnguinis
1128 1812 1312 1902 geruntio,
1346 1825 1384 1876 ut
1419 1804 1550 1900 quidam
1577 1801 1759 1881 diffluat,
1789 1825 1861 1896 quo
1888 1801 1991 1874 facilius

621 1905 657 1972 in
681 1905 871 1974 effundendo
908 1901 1058 1998 ninguine
1090 1907 1235 1977 humano
1268 1901 1356 1976 suam
1380 1903 1594 1974 crudelitatem
1629 1899 1785 1972 elevent:
1819 1898 1989 1973 satiemini

622 1999 700 2071 cilct
721 2024 774 2072 not
796 2003 853 2073 elle
878 1997 1043 2082 liberales,
1067 2027 1133 2073 non
1159 2006 1339 2098 prodigos.
1376 2007 1489 2097 ltaque
1513 2003 1592 2070 dum
1620 1993 1744 2091 sanguis
1767 2007 1991 2096 exquiritur&

621 2093 827 2179 elaboratur,
853 2101 1028 2172 multarum
1055 2107 1194 2199 partium
1218 2106 1255 2174 fit
1281 2099 1432 2200 separatio
1460 2105 1491 2174 vi
1516 2101 1625 2170 caloris
1651 2105 1785 2177 nativi,
1811 2101 1848 2170 fit
1875 2108 1907 2172 dc
1930 2103 1991 2172 alir-

622 2220 698 2270 tunt
723 2200 878 2268 unio.1d
903 2202 993 2296 quod
1017 2202 1128 2274 divtrli
1153 2206 1273 2297 generis
1295 2200 1338 2271 est
1364 2195 1544 2297 separatur,
1569 2191 1607 2258 ’Μ’
1628 2187 1667 2258 5⁸⁸
1685 2192 1800 2274 lnrynl
1828 2207 1987 2270 uniuntur.

623 2299 667 2368 Et
692 2317 790 2394 prout
814 2318 917 2392 partes
942 2309 1016 2370 lunt
1040 2304 1176 2372 materiae
1200 2307 1235 2370 in
1260 2297 1393 2370 trallitie
1417 2320 1475 2370 aur
1500 2303 1686 2378 tenuitate,
1724 2299 1875 2378 levitate,
1900 2303 1989 2394 gravi-

623 2412 710 2476 tate,
734 2397 911 2477 caliditate,
933 2395 1131 2493 frigiditate,
1150 2401 1320 2480 denfitate,
1346 2419 1404 2470 aut
1429 2405 1572 2479 raritatea
1598 2406 1644 2468 ita
1668 2401 1702 2468 in
1728 2391 1876 2492 sanguine
1897 2403 1987 2469 diver·

623 2488 695 2564 firm
720 2497 802 2586 quid
825 2494 953 2564 exsrllit.
980 2498 1053 2568 Nec
1079 2519 1243 2596 propterea
1267 2500 1298 2567 id
1322 2499 1414 2594 quod
1439 2503 1523 2592 agit,
1549 2521 1661 2593 nempe
1686 2497 1772 2566 calor
1793 2495 1988 2576 diversusell,

623 2590 684 2662 mn
707 2587 789 2662 forte
811 2595 902 2686 qnod
927 2595 968 2664 ad
994 2596 1136 2669 actiones
1160 2602 1309 2694 pertinet.
1337 2599 1383 2667 At
1405 2619 1441 2668 ta
1466 2599 1597 2669 varietas
1621 2619 1659 2666 ex
1682 2613 1767 2693 parre
1783 2601 1919 2667 materiei
1934 2597 1989 2666 ell:

622 2691 666 2764 fic
690 2714 755 2760 non
780 2694 823 2760 ita
846 2691 952 2764 trabit
977 2718 1044 2765 uno
1067 2701 1103 2767 δι
1127 2699 1237 2768 eodem
1262 2717 1404 2788 tempore
1429 2692 1605 2766 elaboratio
1630 2697 1686 2771 tit,
1707 2701 1785 2787 quin
1811 2696 1844 2765 fit
1866 2696 1991 2788 aliquid

621 2787 823 2884 superfluum
846 2787 1002 2885 refugiens
1026 2795 1228 2867 coctionem.
1265 2796 1308 2866 Er
1331 2813 1437 2866 tamen
1459 2797 1661 2884 jamcoloris
1691 2797 1754 2866 uim
1786 2797 1819 2862 dc
1853 2815 1987 2889 partium

547 2939 556 2948 -.
622 2883 821 2967 solidarum,
844 2911 1065 2986 conatumque
1087 2917 1198 2965 earum
1225 2894 1399 2990 aliquando
1429 2913 1592 2990 expertum
1625 2893 1696 2974 est,
1732 2911 1769 2963 ut
1794 2895 1825 2960 in
1846 2915 1886 2961 eo
1909 2895 1985 2988 quod

611 2982 782 3067 neruum
805 2987 850 3059 est
880 2993 915 3061 dc
948 2994 1173 3066 traductum.
1208 2998 1253 3069 vis
1287 3014 1408 3065 naturae
1439 2995 1592 3066 eluceat.
1625 2995 1737 3063 Omne
1768 3014 1984 3062 excrementum

622 3091 707 3159 enim
731 3088 860 3165 eodum
884 3089 941 3159 ede
964 3094 1100 3172 dicitur,
1126 3095 1215 3165 aliud
1240 3094 1302 3163 alio
1326 3094 1427 3163 modo
1451 3119 1510 3192 pro
1535 3096 1655 3163 tatione
1686 3096 1828 3163 materiei
1852 3118 1918 3189 qu:
1938 3094 1983 3160 de-

620 3186 757 3255 ciditur.
784 3188 892 3273 Hujus
915 3199 1036 3280 generis
1058 3190 1103 3265 est
1128 3198 1255 3265 materia
1281 3189 1437 3263 sedimenti
1463 3219 1472 3262 ι
1498 3195 1564 3263 hac
1587 3214 1639 3261 nec
1664 3184 1735 3261 bilis
1760 3192 1827 3269 cll,
1852 3216 1900 3261 nte
1922 3186 1982 3259 san-

621 3305 714 3450 figis,
740 3306 796 3353 nec
819 3284 929 3354 succus
953 3290 1214 3461 msclancliolp'pus,
1240 3318 1304 3459 necfi
1321 3288 1428 3459 serum¹
1446 3318 1455 3361 r
1472 3288 1540 3459 ssed
1560 3290 1685 3458 dublum
1710 3291 1755 3405 cll
1779 3314 1819 3357 cx
1844 3290 1979 3457 ¹earnalia

705 3403 859 3458 utu,ex
908 3406 949 3453 ua
987 3411 1027 3457 an
1076 3412 1103 3457 n
1151 3410 1258 3467 t,ut
1327 3414 1446 3461 aenae
1482 3412 1537 3468 ir,
1582 3410 1979 3463 ecaretvrmcaornna·

610 3482 681 3551 ,tivi
705 3473 764 3548 sest
788 3406 952 3575 aqualiter
974 3488 1007 3553 in
1028 3410 1141 3557 {brnen
1167 3498 1302 3559 manne
1328 3416 1429 3583 pgrtes
1464 3492 1677 3569 insinuantis,
1702 3491 1724 3559 si
1748 3482 1892 3568 album,
1921 3512 1981 3586 par·

619 3583 704 3650 tium
726 3573 900 3649 solidatum
926 3577 1046 3661 robur,
1071 3590 1103 3655 in
1128 3584 1248 3681 quibus
1272 3582 1387 3663 inicit
1409 3590 1562 3659 eonsrllita
1590 3591 1611 3657 fi
1636 3590 1742 3667 laeve,
1777 3593 1912 3660 materiae
1935 3583 1981 3655 bo·

619 3682 751 3748 nitatem
777 3682 811 3747 ἃ
833 3680 1080 3771 aqualitatem.
1116 3692 1200 3777 Qu
1225 3689 1417 3757 conditiones
1449 3692 1481 3757 in
1506 3692 1597 3781 aegris
1621 3696 1654 3758 &
1681 3684 1758 3759 nnis
1783 3683 1985 3785 spectantur,

613 3769 891 3848 &laudabilium
919 3785 1085 3855 urinarum
1110 3780 1183 3857 sunt
1209 3808 1291 3857 notae
1325 3810 1360 3857 ac
1395 3784 1495 3859 veluti
1521 3788 1664 3881 regula.
1703 3792 1749 3858 Ac
1779 3786 1985 3872 comesturam

613 3899 718 3947 meam
741 3900 899 3973 apponere
924 3906 988 3950 non
1013 3878 1145 3955 verebor
1169 3912 1181 3951 .·
1206 3910 1261 3956 nec
1284 3889 1367 3954 enim
1393 3888 1568 3980 quicquam
1593 3885 1745 3963 allentlo,
1780 3878 1832 3951 sed
1855 3879 1986 3951 dubita-

611 3982 737 4049 tionem
761 4000 894 4047 moreo.
920 3984 1038 4071 Qtum
1061 3986 1095 4050 in
1120 3983 1201 4077 chyli
1225 3979 1436 4054 elaboratione
1460 3992 1493 4055 in
1517 3986 1595 4055 fimo
1619 3986 1768 4083 hepatis,
1801 4000 1843 4052 ut
1866 3985 1899 4051 in
1924 3978 1984 4052 san-

613 4087 745 4169 gninem
769 4070 891 4155 abeat,
923 4098 1060 4173 utraque
1086 4076 1159 4151 bilis
1184 4088 1217 4153 dc
1242 4079 1367 4175 sanguia
1391 4102 1541 4181 appareat
1567 4130 1579 4162 ,
1610 4086 1689 4178 qnid
1725 4084 1785 4151 erit
1810 4082 1985 4152 alienumfi

612 4170 791 4267 hyponam
815 4176 939 4269 pituita
963 4183 1116 4249 rationem
1140 4176 1282 4253 obtinere
1306 4184 1466 4253 dieamust
1492 4185 1615 4251 Pituita
1641 4176 1847 4252 seminatum
1867 4180 1909 4251 'eil
1929 4180 1985 4249 ali-

611 4290 781 4347 mentum,
803 4278 837 4343 dt
862 4280 1004 4372 proxime
1028 4282 1060 4346 in
1085 4275 1267 4371 sanguinem
1292 4276 1379 4350 abit.
1406 4272 1507 4351 Arbor
1530 4288 1590 4375 qui
1614 4280 1775 4376 hypostasi
1812 4280 1925 4355 adest,
1955 4284 1986 4349 δε

611 4372 703 4466 quod
728 4375 858 4441 materia
883 4372 1081 4475 hypostaseos
1104 4380 1264 4449 refiduum
1290 4380 1431 4449 alimenti
1454 4380 1597 4457 dicatur,
1623 4387 1698 4450 item
1726 4383 1827 4475 quod
1851 4386 1882 4453 in
1903 4374 1986 4450 bilin·

610 4474 649 4541 fic
664 4475 709 4539 dc
730 4470 833 4539 calore
857 4480 919 4543 aeri
942 4471 1179 4548 abundantibus
1202 4502 1315 4577 parum
1343 4480 1378 4547 lit
1403 4480 1498 4565 hujus
1520 4484 1722 4558 excrementi,
1749 4504 1878 4551 necnon
1902 4498 1985 4578 prout

611 4569 655 4641 ad
678 4567 852 4639 romonem
878 4578 976 4665 magis
999 4578 1209 4672 proceditur,
1235 4581 1338 4647 minus
1371 4578 1460 4648 illius·
1478 4572 1607 4673 supersit
1625 4624 1635 4655 ,
1651 4626 1654 4633 ,
1671 4572 1741 4649 saris
1769 4580 1917 4651 efficiunt
1938 4580 1985 4670 hp

612 4662 768 4767 pollasc‘ru
793 4676 952 4752 materiam
979 4678 1127 4767 pituitam
1151 4676 1240 4745 illam
1264 4677 1320 4745 esse
1343 4697 1420 4767 qua¹
1450 4678 1611 4773 progrellu
1636 4684 1805 4773 temporis
1831 4676 1983 4750 abiolutio.

610 4791 682 4839 nem
708 4768 864 4858 acquirit.
892 4772 988 4841 Unde
1012 4774 1180 4853 Galenus,
1214 4776 1395 4845 fitenuiter
1429 4779 1575 4854 vivitur,
1609 4776 1736 4846 nullum
1776 4778 1829 4849 est
1855 4776 1981 4850 fidimen.

602 4884 706 4937 aum,
731 4866 752 4931 fi
777 4866 915 4959 largius,
937 4864 1128 4967 copiosum,
1151 4874 1174 4941 st
1200 4874 1336 4953 modice,
1361 4878 1541 4967 exiguum.
1571 4876 1633 4945 Sed
1666 4896 1780 4947 tamen
1807 4880 1833 4949 si
1860 4881 1976 4951 multon

609 4966 648 5036 dt
671 4962 829 5039 stdt'menti
850 4972 947 5041 etiam
970 4972 1003 5047 in
1027 4966 1127 5067 satiris,
1151 4994 1217 5047 non
1240 4991 1404 5073 propterea
1428 4974 1507 5051 male
1529 4980 1640 5047 omnia
1668 4976 1892 5053 administrari
1915 4982 1979 5053 coll·

1881 5102 1942 5179 263
