4434 6000
665 599 707 668 32
889 562 1712 662 outrernrnrrtonntmra,
1800 620 1805 628 ·

608 702 813 804 respiciunt,
838 711 872 779 dc
897 708 1027 780 illarum
1067 696 1303 780 llmwsw
1334 705 1579 796 quodammodo
1612 707 1789 798 sequuntur
1821 724 1858 775 at
1889 699 2002 800 carpti*

606 826 724 886 munt,
750 829 886 876 necnon
911 831 931 878 a
955 809 1119 877 communi
1142 805 1278 874 aliorum
1314 800 1505 871 morborum
1542 811 1603 895 qui
1638 797 1812 899 promiscue
1845 805 1933 873 vitos
1957 823 2000 872 aa

603 908 749 976 mulieres
774 901 951 1000 affligunt,
976 907 1158 976 conditione
1181 897 1381 980 desciscunt,
1415 897 1456 971 ab
1491 920 1585 970 utero
1608 925 1676 971 uno
1699 921 1867 994 tamquam
1892 920 1913 966 a
1939 917 2002 966 ta·

603 1008 670 1102 pite
693 1002 897 1076 arcessimus.
925 1005 985 1074 Vel
1010 1009 1105 1076 eriam
1131 1001 1222 1096 q'uod
1255 996 1420 1070 causarum
1447 994 1690 1072 morbificarum
1723 1004 1771 1072 uis
1793 1003 1827 1068 in
1863 1016 2000 1068 uterum

602 1098 707 1198 ipsum
732 1104 908 1176 redundet.
937 1107 989 1174 Ut
1013 1107 1097 1174 enim
1122 1103 1335 1172 concedamus
1358 1096 1404 1168 ob
1430 1119 1573 1178 metum,
1597 1123 1782 1176 maerorem,
1807 1116 1867 1168 aut
1892 1091 1999 1166 infat-

604 1201 697 1273 Ctum
723 1225 877 1276 venarum
903 1206 1042 1301 hepatis,
1067 1197 1312 1298 suppressionem
1337 1199 1490 1268 mendum
1515 1203 1713 1292 contingere,
1738 1198 1834 1267 nullo
1856 1202 1895 1264 in
1919 1213 1998 1264 ute·

600 1321 818 1400 ro=concepto
843 1307 924 1376 vitio
949 1327 1018 1372 non
1043 1303 1168 1371 diutius
1200 1320 1306 1370 tamen
1339 1301 1489 1368 immunis
1512 1303 1572 1366 erit
1595 1318 1731 1373 uterus,
1768 1314 1879 1365 contra
1904 1293 1996 1364 iilius

600 1393 822 1498 suppreslionis
844 1402 964 1469 cladem
991 1397 1066 1467 seret
1092 1397 1269 1489 aliquam,
1303 1399 1344 1465 fic
1366 1395 1520 1466 commisii
1555 1401 1588 1464 in
1620 1399 1692 1468 aliis
1716 1389 1860 1491 partibus
1882 1396 1996 1464 crimi-

428 1521 507 1575 com.
538 1511 568 1569 in
600 1505 670 1572 nis,
695 1516 734 1567 ut
759 1497 799 1566 lie
822 1497 952 1573 dicam,
978 1519 1074 1592 pruna
1097 1495 1225 1565 tandem
1250 1511 1344 1563 utero
1358 1496 1435 1564 alias
1447 1500 1592 1566 innocuo
1615 1491 1834 1588 irrogabitur.
1862 1494 1914 1564 Ut
1932 1513 1995 1563 au·

423 1591 502 1686 epha.
517 1599 565 1654 6²·
600 1613 666 1666 tem
691 1611 763 1667 ante
786 1596 910 1666 dicium
934 1593 1000 1672 cst,
1026 1617 1080 1692 per
1106 1587 1211 1673 ἔξιχὶιδ
1232 1612 1293 1656 rae
1325 1612 1452 1662 uterum
1480 1590 1665 1664 morborum
1689 1601 1837 1663 omnium
1860 1595 1894 1660 in
1918 1613 1995 1662 mu-

420 1671 466 1730 m·
482 1688 508 1744 5·
599 1687 728 1766 lienibus
760 1695 924 1766 auctorem
947 1689 1042 1774 esse,
1076 1696 1121 1766 ita
1154 1696 1368 1764 &deutero
1400 1715 1504 1761 unum
1529 1715 1550 1762 a
1574 1693 1698 1763 Galcno
1729 1692 1855 1763 dicium
1885 1686 1930 1761 cll
1955 1696 1991 1760 in

422 1838 524 1904 corpus
549 1846 582 1887 u,
598 1798 852 1875 commentariis,
876 1797 957 1865 dum
982 1794 1021 1862 de
1040 1793 1129 1864 illius
1152 1783 1432 1865 constitutionibus
1463 1786 1506 1860 ab
1531 1792 1634 1889 Hipp.
1663 1789 1846 1888 disputatur
1875 1793 1990 1856 Αἶαν.

420 1909 458 1980 0st
471 1901 564 1980 stmile
594 1913 679 1987 pus,
703 1897 765 1972 ait,
790 1911 895 1962 torum
922 1910 1010 1962 utero
1032 1894 1158 1961 omnino
1179 1891 1280 1981 fimile
1304 1886 1365 1973 est.
1396 1897 1432 1961 1n
1458 1912 1561 1981 graeco
1586 1914 1649 1963 vox
1673 1885 1826 1953 orm
1845 1890 1988 1979 legitur,

420 2005 515 2047 mm·
598 2015 697 2086 quam
723 1994 776 2063 alii
802 2015 857 2090 per
878 1991 1039 2069 omnium,
1063 1992 1119 2062 alii
1142 2015 1219 2090 per,
1235 1995 1329 2076 fere,
1355 2006 1543 2060 verterunt.
1581 1992 1669 2060 Idem
1700 2008 1808 2060 tamen
1831 1986 1895 2058 sere
1918 1982 1986 2056 sen-

600 2087 652 2161 sus
677 2111 715 2164 ut
738 2093 778 2162 de
802 2087 908 2166 uerbis
932 2115 998 2160 non
1023 2084 1210 2162 laboretur.
1234 2094 1317 2185 Qua
1342 2088 1516 2158 fimilitudo
1545 2091 1578 2157 iu
1602 2083 1731 2159 duobus
1757 2088 1951 2180 intelligitur
1968 2131 1985 2154 .

418 2232 496 2289 com.
510 2227 540 2284 in
598 2187 811 2302 invasorum
835 2189 1066 2262 constructione
1100 2196 1136 2263 &
1168 2204 1438 2351 excrementorpm
1466 2203 1652 2302 proventu.
1687 2191 1720 2260 Si
1752 2192 1837 2258 enim
1867 2200 1986 2281 corpus

413 2305 578 2465 aas}
595 2287 1422 2487 {il}indubitabilis.,ll
1437 2283 1986 2485 idislilitssd‘sstilr

593 2491 671 2558 tuit
699 2489 785 2560 Iden
810 2512 943 2585 quoque
968 2506 1061 2558 utero
1085 2493 1259 2582 contingit.
1287 2486 1378 2554 Nam
1403 2489 1438 2554 δι
1463 2484 1701 2580 frigidiusculut
1724 2486 1768 2558 tst
1791 2531 1802 2564 ,
1824 2491 1859 2556 δι
1884 2508 1983 2558 vena·

592 2609 667 2657 rum
691 2585 867 2680 angustiam
892 2584 1011 2665 habet,
1037 2580 1232 2681 subindeque
1256 2586 1458 2655 excrementis
1495 2591 1530 2656 &
1561 2580 1834 2657 obllrudionibus
1856 2589 1986 2682 peruius

594 2683 661 2755 eli.
687 2684 778 2762 Nam
804 2703 1035 2781 totumcorpus
1061 2703 1155 2756 utero
1180 2685 1277 2755 limile
1301 2682 1364 2754 eli.
1392 2681 1460 2750 Alii
1483 2704 1552 2754 eam
1585 2687 1821 2758 finilitudinem
1844 2690 1983 2754 nonita

590 2783 784 2864 intellexere,
808 2780 865 2854 sed·
882 2788 921 2856 de
944 2775 1092 2857 consensu
1117 2807 1191 2857 cum
1217 2785 1284 2854 aliis
1309 2772 1450 2880 partibus
1472 2785 1576 2854 audiri
1600 2785 1758 2857 uoluere.-
1781 2809 1883 2882 quum
1907 2806 1981 2854 om·

593 2879 689 2955 nibus
712 2882 774 2956 sere
799 2909 872 2957 cum
899 2888 1038 2986 corporis
1066 2880 1209 2986 partibus
1233 2905 1342 2956 uterus
1364 2876 1564 2964 consentiat,
1604 2909 1641 2958 ac
1663 2881 1850 2984 conspiret,
1884 2883 1978 2978 quod

591 2997 631 3054 tx
655 2987 877 3081 magnitudine
911 2984 1059 3063 vasmum
1086 2988 1234 3058 'Galenus
1255 2985 1413 3079 collegit.
1447 2988 1526 3058 Hac
1558 2987 1734 3057 fimilitudo
1765 3012 1789 3057 a·
1811 2979 1904 3053 nobis
1925 3006 1979 3053 ex·

591 3082 710 3180 plicata
736 3110 915 3178 numquam
941 3088 1019 3159 airas
1045 3083 1194 3185 partibus
1217 3086 1347 3181 reliquis
1370 3076 1544 3157 tribuitur.
1570 3087 1660 3156 Nam
1686 3080 1771 3184 sape·
1788 3108 1904 3181 corpus
1924 3106 1978 3152 ca·

592 3184 651 3277 plti
677 3204 741 3249 non
765 3179 809 3247 est
833 3183 946 3258 fietile,
969 3212 1024 3255 nec
1048 3208 1149 3285 caput
1172 3191 1325 3284 corpori.
1353 3187 1458 3255 Utero
1481 3203 1592 3256 antem
1617 3186 1767 3283 peculiari
1792 3186 1890 3256 modo
1914 3183 1977 3251 hoc

481 3342 484 3351 ,
552 3272 768 3365 ’,ίοηεεῖδΰω
793 3274 858 3343 est.
874 3278 1010 3345 .Utel‘us
1033 3293 1141 3369 graecis
1162 3281 1261 3366 μίτρα
1280 3277 1329 3361 υἱ
1348 3278 1431 3361 tltt'poe
1455 3305 1527 3382 pars
1551 3284 1595 3356 est
1610 3285 1750 3355 mulieris
1772 3292 1880 3353 tunica
1898 3300 1978 3351 cona

588 3372 672 3445 stans
696 3375 783 3445 velut
807 3394 844 3440 ex
868 3368 997 3443 duabus
1021 3376 1162 3445 dividuis
1186 3402 1424 3468 coagmmtata,
1444 3387 1642 3485 concipiendi
1674 3386 1865 3479 gerendique
1888 3377 1974 3451 setus

586 3474 862 3544 instrumentum.
898 3472 1072 3544 Distinmos
1107 3498 1183 3546 vero
1213 3475 1295 3543 duos
1328 3478 1411 3545 sinus
1447 3490 1481 3544 δι
1510 3482 1696 3575 conspicuos
1732 3505 1797 3552 non
1821 3502 1975 3577 apparere

413 3561 541 3659 pistilli?
586 3590 708 3643 certum
733 3568 797 3648 esl,
821 3590 1023 3665 quamquam
1063 3573 1096 3643 id
1134 3575 1279 3648 interiore
1311 3568 1399 3644 sensu
1432 3596 1470 3642 ac
1501 3578 1620 3663 judicio
1653 3584 1841 3669 intelligitur
1873 3602 1912 3648 ex
1936 3583 1979 3647 iis

414 3662 444 3701 '³'
460 3664 661 3779 '‘''wpquae
688 3671 866 3766 plurimum
889 3678 1071 3744 eveniunt:
1098 3694 1134 3742 ac
1160 3667 1328 3767 prasertim
1353 3696 1392 3743 ex
1417 3674 1511 3741 maris
1535 3678 1571 3744 δι
1595 3670 1718 3742 braina
1742 3674 1940 3744 distinetione
1966 3724 1978 3744 .

308 3842 316 3857 Ι
406 3720 572 3877 mm
586 3772 704 3863 ltaque
728 3769 868 3840 Galenus
891 3772 1015 3866 colligit
1039 3774 1073 3841 in
1097 3771 1224 3844 diversis
1250 3765 1381 3843 finubuc
1405 3794 1526 3841 marem
1561 3794 1598 3842 ac
1629 3768 1779 3842 seminam
1802 3791 1980 3861 coagmen.

408 3890 489 3943 con.
517 3886 547 3939 tn
585 3873 671 3947 tari,
695 3866 788 3940 illum
814 3868 944 3961 quidem
970 3876 1002 3943 in
1028 3872 1178 3951 dextro,
1210 3872 1301 3968 quod
1330 3873 1371 3942 ad
1396 3873 1539 3943 dextram
1572 3877 1658 3941 uteri
1689 3888 1809 3967 partem
1842 3864 1975 3963 sanguis

404 3974 529 4039 Wei-
584 3986 773 4064 repurgatus
797 3988 860 4065 per*
877 3979 962 4041 renes
986 3972 1027 4045 ad
1052 3970 1207 4044 sinistram
1241 3975 1387 4071 impurus
1419 3996 1455 4043 ac
1479 3967 1597 4042 setosus
1628 3967 1761 4041 affluere
1785 3986 1933 4039 cernatur
1960 4016 1972 4037 .

404 4038 467 4197 2⁵·
484 4056 507 4097 ²·
518 4038 572 4095 ¹⁶⁶·
583 4064 654 4135 Nec
679 4068 813 4165 impedit
838 4070 913 4141 stus
936 4076 1041 4146 cordis
1064 4076 1146 4169 quin
1171 4074 1214 4143 ad
1237 4071 1371 4143 finistras
1397 4066 1513 4141 serosus
1537 4075 1657 4151 irruat,
1680 4092 1785 4163 quum
1810 4070 1904 4137 fitum
1929 4070 1970 4137 sie

406 4195 540 4277 ΗΜ,
578 4166 614 4235 in
639 4166 745 4238 medio
767 4192 901 4268 corpore
924 4175 967 4243 ad
995 4170 1152 4245 sinistram
1178 4174 1349 4244 minimum
1373 4172 1563 4266 devergens.
1590 4172 1895 4268 Hippocratcettis
1917 4190 1972 4237 ar-

403 4278 506 4337 dena.
579 4271 744 4361 gumenris·
763 4270 850 4342 illam
874 4273 1002 4345 sinuum
1030 4274 1244 4347 divernneem
1269 4296 1309 4344 cx
1331 4275 1534 4368 geminorum
1545 4276 1762 4369 procreatione
1786 4270 1971 4339 convincit.¹

404 4359 504 4418 Gaia
517 4378 546 4428 4·
579 4371 628 4437 Ac
652 4374 786 4465 nequis
810 4372 843 4441 in
877 4377 1006 4445 nomine
1031 4368 1079 4443 'lt
1098 4365 1201 4449 v'flm
1225 4372 1401 4470 decipiatur
1424 4391 1435 4440 t
1458 4366 1617 4442 sciendum
1636 4392 1768 4440 nomen
1791 4361 1897 4444 Ην,
1919 4360 1969 4437 ml

400 4438 548 4600 ζῶντ’
577 4457 672 4542 ⁸5le
693 4468 717 4525 Ρ
738 4465 830 4545 ὖπρῢ
848 4488 1007 4555 uterum,
1039 4477 1075 4544 δε
1098 4490 1204 4543 uteros
1238 4472 1346 4569 passim
1380 4471 1469 4568 apud
1495 4475 1724 4569 Hippocratem
1755 4466 1963 4561 significare.

405 4564 541 4661 Nominis·
576 4568 733 4663 Idemque
757 4565 854 4667 specle
878 4594 995 4643 nomen
1020 4565 1140 4650 'll'slmt
1162 4565 1280 4649 ὖῖἷρθῐ»
1301 4567 1348 4645 Ψ
1364 4567 1477 4649 ss'ss,
1503 4572 1637 4647 duellia,
1659 4575 1695 4639 ἃ
1719 4562 1900 4637 secundini&
1925 4566 1966 4634 fi·

399 4678 505 4763 ‘unia
576 4668 725 4763 gnificat,
759 4670 840 4739 hanc
864 4690 1051 4747 accentuum
1079 4674 1262 4748 varietatem
1287 4676 1320 4743 in
1344 4674 1488 4768 genitivo
1516 4663 1616 4749 tripu
1639 4669 1778 4737 Galenus
1802 4664 1967 4756 affingit,

400 4772 555 4844 “emme
573 4787 613 4840 ut
637 4792 742 4842 unum
771 4791 829 4865 pro
853 4770 953 4841 altero
976 4798 1043 4845 non
1069 4772 1150 4844 male
1174 4776 1362 4872 accipiatur.
1390 4776 1439 4842 lta
1462 4774 1547 4841 enim
1571 4767 1660 4865 apud
1687 4769 1874 4864 Hippocrat.
1903 4781 1966 4859 pro

397 4844 535 4983 fffffiw·
575 4866 646 4939 eam
672 4866 830 4968 lapsuque
862 4864 1104 4947 secundinarum
1137 4892 1235 4967 grane
1258 4872 1283 4931 θ
1305 4866 1402 4952 debu
1422 4869 1564 4938 suamc
1587 4870 1732 4945 dicitur,
1765 4889 1830 4935 non
1848 4878 1965 4931 ‘eutem

412 4946 423 4986 ⁸
451 4944 479 4999 5·
568 4960 687 5041 alffi-
713 4970 845 5061 Alioqui
869 4970 909 5041 de
932 4988 1024 5045 utero
1046 4972 1306 5068 intelligeretur.
1339 4976 1383 5045 Et
1418 4978 1524 5066 inepte
1555 4965 1734 5039 admodum
1768 4962 1966 5035 Leonicennt

573 5071 690 5157 uertit,
711 5060 754 5128 ἃ
776 5068 882 5154 dnm,
908 5088 1038 5149 uteros:
1062 5096 1170 5174 quum
1200 5080 1331 5177 proprie
1353 5067 1386 5137 θ’
1405 5062 1518 5155 κῠθῖθῑ
1540 5069 1759 5167 fignificetur.
1784 5058 1867 5132 Non
1883 5064 1965 5229 tiene-
