4434 6000
638 643 662 703 4
802 619 863 692 DE
878 609 1220 686 ‘VIRGINUMET
1238 608 1506 682 MULlERUM
1527 613 1732 693 Mouurs,

590 766 705 818 antur.
730 742 953 841 Quamobrem
976 763 1038 812 non
1064 747 1096 811 in
1122 736 1273 811 omnibus
1299 748 1367 838 pari
1392 747 1490 814 modo
1514 751 1778 821 animadvertitur
1801 769 1836 818 ea
1857 743 1946 818 sexus

415 841 853 924 nni.1.cdrstmeu0,t'er
881 853 913 913 in
940 841 1089 935 sanguine
1115 842 1252 937 proditis
1280 859 1488 936 praeterquam
1524 851 1645 945 oppido
1673 855 1781 944 paucis
1818 851 1872 917 uni
1900 856 1949 918 vis
1982 931 1990 936 ,

409 926 571 1004 ¹·¹·¹¹‘l‘·
591 939 747 1024 mascula,
770 945 859 1018 alteri
882 940 1030 1014 feminina
1054 937 1210 1011 attributa
1236 936 1297 1007 est.
1322 941 1382 1009 Sed
1407 967 1513 1029 quum
1547 949 1606 1017 alia
1631 971 1649 1017 a
1687 947 1852 1044 putredine
1883 951 1948 1042 pri-

410 1011 552 1150 '22:225‘
592 1068 647 1113 mo
665 1049 818 1114 oriantur
844 1046 939 1112 nullo
973 1039 1037 1113 sata
1071 1044 1162 1110 coitu
1195 1040 1445 1133 cougrtlluque,
1470 1042 1526 1112 illa
1558 1046 1692 1139 quidem
1724 1067 1872 1141 generare
1892 1068 1947 1114 ne-

535 1129 542 1146 ’
592 1189 614 1229 „
638 1142 751 1214 cellum
768 1143 836 1220 eii,
861 1137 908 1212 sed
934 1143 1024 1237 quod
1050 1135 1182 1210 subinde
1209 1163 1227 1208 a
1251 1141 1425 1232 putredinis
1449 1136 1555 1210 sobole
1575 1165 1690 1215 natum
1713 1140 1949 1226 est‚diverium

596 1287 621 1321 2,
647 1246 739 1340 plane
762 1244 803 1313 eil
829 1265 882 1314 nec
909 1245 1002 1313 maris
1028 1263 1081 1310 nec
1107 1235 1228 1312 feminae
1253 1234 1384 1310 dotibus
1409 1247 1443 1312 &
1468 1247 1597 1313 nomine
1622 1246 1829 1314 donandum:
1847 1243 1951 1335 Quod

599 1347 714 1412 merito
738 1346 914 1434 contingit.
942 1341 974 1410 Si
1000 1347 1083 1408 enim
1118 1365 1230 1412 cotum
1263 1343 1430 1436 complexu
1456 1348 1497 1411 dt·
1523 1339 1753 1412 consuetudine
1775 1364 1851 1435 qua·
1884 1364 1952 1410 non

599 1463 635 1510 ex
653 1437 849 1509 animalibus
877 1443 980 1533 primo
1005 1435 1053 1506 sed
1082 1439 1248 1533 putredine
1274 1459 1372 1528 genus
1395 1435 1488 1506 suurn
1516 1461 1663 1520 traxere,
1697 1443 1847 1512 animalia
1881 1448 1951 1509 ori-

603 1557 734 1615 rentur,
763 1539 784 1604 fi
810 1539 947 1622 ejusdcm
972 1535 1064 1604 erlem
1089 1543 1210 1628 generis
1236 1540 1375 1627 primum
1402 1559 1568 1632 parentum
1602 1562 1709 1609 orrum
1735 1543 1826 1609 talem
1860 1539 1955 1608 exili.

602 1635 666 1706 tilie
691 1634 903 1732 oportuisset:
929 1639 1063 1733 pontum
1090 1655 1197 1703 autem
1222 1631 1265 1700 eil
1291 1655 1309 1701 a
1334 1637 1497 1730 putredine
1522 1634 1587 1705 loia
1618 1640 1756 1708 dubium
1782 1638 1838 1707 elle
1864 1644 1952 1733 prin·

605 1739 743 1832 opium,
770 1735 812 1802 liu
838 1755 944 1803 autem
970 1733 1130 1801 diffimilia
1155 1735 1234 1806 tint,
1260 1727 1310 1799 sed
1333 1755 1407 1826 quae
1431 1751 1535 1802 tamen
1570 1741 1652 1806 coire
1668 1729 1819 1832 posunt,
1846 1732 1952 1806 lubin·

508 1907 513 1912 ,
551 1923 554 1926 ¹
604 1833 643 1902 de
669 1834 795 1902 alterius
817 1835 937 1925 generis
963 1827 1078 1900 arbores
1104 1829 1302 1904 nasceretur,
1328 1837 1363 1900 δι
1385 1856 1423 1900 ex
1450 1833 1509 1901 bae
1535 1834 1597 1903 alia
1622 1837 1733 1906 diversi
1757 1859 1954 1928 qucquege-

489 1933 528 1979 ·''
604 1935 683 2000 neris
708 1975 717 2006 ,
745 1949 844 2026 atque
868 1943 912 2008 ira
938 1935 968 1999 in
995 1933 1156 2001 infinitum
1183 1927 1362 2028 progreil'us
1383 1930 1534 2001 exfilleret
1559 1937 1649 2026 quod
1675 1959 1693 2003 a
1728 1954 1848 2003 natura
1872 1937 1950 2026 legi·

565 2091 569 2102 ,
605 2024 666 2099 bus
689 2022 858 2100 abhorret.
883 2025 1059 2122 loquebar
1085 2049 1191 2099 aurem
1219 2026 1309 2097 sexus
1330 2031 1519 2101 dili'er'entias
1550 2036 1724 2127 tamquam
1742 2055 1840 2103 certos
1871 2035 1955 2102 limi-

608 2149 653 2200 res
676 2129 861 2208 c'oniliruir,
884 2153 922 2199 ex
947 2132 982 2198 iis
1005 2130 1112 2199 elicere
1136 2117 1211 2198 iolet
1227 2129 1349 2218 aliquid
1371 2132 1461 2221 quod
1471 2131 1608 2218 ejusdem
1627 2131 1812 2220 gementu,
1843 2129 1961 2225 qnod-'

605 2251 673 2322 que
697 2238 840 2326 proxime
865 2249 1006 2326 parentes
1031 2224 1159 2302 referat,
1187 2222 1208 2294 s
1221 2235 1313 2303 ecie,
1337 2225 1438 2320 effigie
1462 2253 1497 2297 ac
1523 2231 1722 2300 similitudine
1748 2279 1758 2306 ,
1793 2255 1866 2322 qua·
1890 2233 1952 2301 tria

605 2331 637 2396 in
663 2332 751 2396 omui
775 2330 913 2420 legitima
946 2331 1160 2420 procreatione
1193 2254 1377 2422 ipedmda-f-
1390 2351 1619 2422 proponuntur
1644 2382 1651 2397 .
1680 2336 1715 2398 ln
1741 2324 1859 2421 quibus
1892 2350 1955 2396 au·

423 2423 580 2518 similitude
604 2445 667 2494 tem
691 2449 727 2496 ea
752 2423 882 2497 l'exuum
907 2425 1063 2496 distineiio
1081 2426 1191 2523 paullo
1214 2422 1369 2495 confusior
1394 2424 1466 2504 eil,
1489 2446 1546 2496 aut
1569 2429 1705 2507 delicit,
1730 2433 1761 2496 in
1787 2432 1821 2496 iis
1845 2445 1954 2518 quan·

415 2503 582 2600 ²?''.‘“⁸’sl''
604 2527 685 2596 ravis
711 2525 811 2621 potest
835 2527 996 2618 diligentia
1023 2521 1150 2620 speeiem
1175 2527 1316 2614 exquirit
1340 2543 1436 2614 atque
1459 2520 1620 2597 conseruat
1641 2575 1649 2596 .
1673 2528 1760 2595 Nam
1787 2531 1819 2594 δι
1847 2529 1877 2593 in
1899 2533 1957 2595 'tc-

419 2580 510 2724 τὶιῗὶά
526 2580 582 2659 'ffi'
605 2622 706 2692 llaceo
730 2628 916 2694 animalium
941 2647 1051 2716 genere
1076 2630 1108 2692 &
1134 2625 1225 2692 iniis
1249 2642 1323 2714 quae
1349 2617 1424 2692 frixis
1448 2625 1638 2705 adli-,rreum
1672 2631 1703 2694 in
1731 2629 1844 2718 plantis
1867 2625 1958 2691 deni.

418 2689 576 2802 balduinis
604 2743 669 2814 que
694 2727 845 2794 maris&
872 2719 995 2792 femina·
1020 2721 1182 2790 distimulo
1214 2726 1414 2813 requiritur:
1445 2725 1508 2792 Cui
1537 2745 1575 2794 ut
1602 2729 1656 2795 fiat
1681 2720 1753 2791 satis
1778 2769 1788 2799 ,
1816 2721 1960 2816 providit

420 2827 539 2901 fernme.
606 2823 741 2892 Natura
762 2818 1291 2915 utiniisaliquamatis&leminae
1312 2809 1459 2896 &lauria
1482 2828 1515 2892 &
1549 2828 1710 2920 proportio
1734 2826 1957 2891 retineretur,

428 2903 579 2977 *istd-⁶·
606 2919 697 2990 Nam
717 2927 751 2990 de
777 2923 901 2990 cuidam
927 2917 1079 2990 fruticum
1100 2928 1204 3017 generi
1224 2917 1385 2991 tributum
1402 2920 1447 2990 est
1471 2917 1612 2992 fructum
1628 2920 1706 2992 ferre
1731 2969 1742 3001 ,
1765 2921 1851 2988 alind
1879 2921 1957 3011 qui·

428 2984 580 3122 {sjzdfifr'
605 3021 674 3087 dem
695 3016 820 3090 fruuus
845 3020 929 3089 ferax
954 3020 1120 3098 nonest,
1146 3014 1387 3093 adurentibus
1418 3021 1543 3113 aliquae
1565 3024 1605 3091 ad
1645 3024 1857 3091 maturitatem
1883 3015 1960 3113 sup·

425 3102 563 3223 mppria}
608 3120 706 3211 petias
729 3115 806 3185 lerre
830 3124 1002 3190 cernitur.
1037 3122 1140 3211 Quod
1166 3130 1199 3190 in
1226 3124 1286 3191 fico
1322 3128 1356 3193 be
1381 3122 1528 3215 caprilico
1560 3142 1682 3188 eernere
1725 3118 1769 3187 eil
1811 3118 1958 3209 illudque

423 3227 527 3301 planis
550 3219 584 3287 ei·
608 3215 708 3307 vulgo
732 3218 764 3283 in
790 3210 935 3312 stirpibus
959 3239 1088 3290 noratur
1112 3221 1187 3291 alias
1211 3216 1318 3317 sponte
1343 3217 1443 3292 nasci,
1468 3220 1507 3285 de
1531 3215 1651 3313 quibus
1671 3219 1730 3285 boe
1755 3219 1824 3285 loeo
1850 3212 1958 3311 super·

425 3304 588 3397 aninalffc.
610 3308 778 3383 sedendum
797 3314 859 3387 est,
882 3315 958 3383 alias
982 3336 1020 3383 ex
1045 3310 1161 3381 semine
1181 3360 1190 3377 ·
1214 3326 1300 3408 Qrae
1322 3324 1404 3389 enim
1424 3320 1532 3412 paullo
1567 3315 1662 3389 fusius
1687 3320 1726 3386 de
1766 3308 1959 3385 animalibus

425 3384 589 3539 staff*
613 3411 697 3481 dicia
721 3409 816 3489 sunt,
840 3436 978 3506 quaque
1001 3414 1041 3478 de
1066 3410 1201 3507 plantis,
1226 3432 1264 3477 ca
1288 3436 1353 3477 non
1379 3423 1423 3483 ira
1447 3419 1486 3485 ad
1513 3415 1691 3512 prasentem
1716 3413 1960 3510 disputationem

429 3543 568 3624 quiritur,
616 3507 755 3592 faciunt,
781 3514 860 3602 quin
878 3512 965 3579 milia
990 3511 1054 3579 lieri
1080 3507 1356 3603 non'potuillenr:
1382 3510 1431 3577 sed
1460 3521 1615 3598 quoniam
1635 3520 1675 3581 de
1707 3512 1793 3583 stxus
1818 3514 1963 3579 differen-

427 3624 590 3698 mm'acir.
610 3612 662 3679 tiis
699 3617 731 3680 δι
757 3608 927 3679 necerfitaee
950 3607 1129 3677 institutum
1153 3604 1214 3676 fuit
1236 3601 1412 3700 disputare,
1435 3628 1453 3673 a
1479 3610 1578 3699 eapite
1602 3609 1846 3701 disputationem
1866 3603 1966 3677 arces-

429 3706 569 3800 minaeis.
625 3704 687 3779 sere
701 3734 763 3779 non
790 3704 952 3803 pertaesum
978 3705 1047 3775 est.
1076 3706 1190 3775 Multa
1213 3708 1296 3775 enim
1320 3706 1434 3772 cursim
1458 3710 1613 3795 attingere
1637 3699 1742 3772 licebit
1762 3702 1892 3798 pedestri
1902 3728 1962 3769 no·

431 3786 544 3863 quidest
620 3808 680 3879 lira
703 3814 868 3885 oratione,
892 3830 964 3899 quae
988 3806 1027 3874 ad
1051 3804 1152 3872 lucem
1175 3805 1461 3895 enodationemque
1480 3806 1598 3871 consilii
1622 3801 1716 3871 nollri
1743 3796 1967 3898 pertinebunt,

431 3866 591 3946 mim·
619 3908 768 3999 nequod
792 3914 825 3977 in
850 3906 1012 3975 narrandis
1030 3896 1124 3972 rebus
1143 3900 1275 3973 facilitati
1300 3896 1399 3979 solet,
1422 3900 1544 3972 diutius
1561 3925 1672 3971 eorum
1693 3907 1818 3970 animus
1842 3895 1967 3997 suspen-

620 4001 670 4075 sus
694 4007 829 4079 haereat,
853 4000 974 4097 quibus
998 3998 1078 4071 forte
1102 4006 1269 4093 eontigerit
1293 4002 1349 4071 has
1375 3998 1610 4073 lucubrationes
1629 4003 1670 4071 ad
1694 3995 1879 4070 morborum
1894 4021 1968 4072 mu·

621 4104 736 4173 lictum
758 4102 996 4198 explicationem
1022 4102 1273 4172 accommodatas
1289 4118 1385 4173 terere
1407 4125 1444 4172 ac
1468 4097 1674 4199 perscrutari.

824 4245 1753 4325 ANNOTATIONES.

677 4420 706 4469 r.
731 4400 844 4467 Cicero
864 4423 896 4467 2.
917 4400 959 4469 de
985 4404 1109 4471 Narro.
1133 4401 1282 4469 deorum:
1295 4396 1431 4486 seminis
1459 4417 1556 4467 canta
1582 4402 1634 4467 vis
1657 4392 1700 4466 esi
1724 4415 1761 4465 ur
1787 4392 1823 4459 id
1850 4414 1968 4485 qaam·

623 4521 721 4591 quam
735 4496 777 4585 fit
794 4502 1024 4589 perexiguam,
1041 4522 1149 4567 tamen
1168 4496 1368 4582 fiinciderir
1395 4501 1429 4565 in
1453 4488 1969 4590 concipientemcomprehenden-

621 4618 748 4689 eeque
766 4616 940 4673 naturam,
960 4601 1147 4691 italiamque
1170 4594 1212 4680 fir
1236 4599 1406 4667 materiam
1437 4621 1500 4691 qua
1521 4604 1566 4665 ali
1588 4596 1767 4687 augerique
1789 4590 1893 4681 poffir,
1918 4592 1968 4657 its

611 4694 723 4785 fingar
746 4697 783 4766 ri·
806 4696 914 4787 efficiat
930 4698 1054 4789 aliquid
1066 4698 1171 4784 sterile
1189 4695 1224 4759 in
1233 4696 1292 4781 suo
1308 4700 1453 4790 quodque
1464 4718 1613 4786 generet
1643 4696 1716 4767 ita,
1742 4693 1846 4758 malta
1877 4693 1911 4753 in
1929 4686 1968 4770 le

621 4798 697 4863 vim
711 4794 841 4884 seminis
856 4789 973 4862 halem
987 4814 1023 4862 ut
1040 4818 1085 4865 ex
1113 4816 1175 4862 rm
1198 4795 1293 4883 pem
1311 4814 1533 4883 generentur,
1558 4797 1655 4885 idque
1676 4789 1785 4878 semen
1812 4783 1971 4873 inclusum

620 4890 664 4975 est
681 4894 715 4959 in
736 4893 851 4967 intima
878 4884 1030 4961 bacaemm
1055 4912 1153 4987 parte
1174 4914 1239 4983 qao
1256 4911 1437 4989 exqaaqxe
1450 4891 1552 4986 stirpe
1573 4889 1767 4975 fundantur
1780 4941 1793 4977 ,
1803 4886 1852 4977 ste
1875 4900 1971 4951 terra

613 4986 768 5079 stirpium
791 4993 995 5060 renovatione
1010 4994 1227 5084 complentur.

672 5108 703 5155 2.
722 5090 834 5159 cicero
853 5086 904 5161 lid:
929 5111 959 5161 ι.
986 5092 1161 5181 Tusculum
1181 5085 1282 5184 quest.
1299 5090 1339 5168 ό*
1358 5091 1490 5161 Burrus
1508 5086 1561 5162 lii.
1579 5090 1620 5163 de
1649 5086 1721 5177 Aff·
1741 5088 1886 5159 miratur
1912 5085 1942 5147 C
1942 5082 1972 5147 ἱ·

1837 5202 1922 5251 ecro-
