4434 6000
622 537 668 604 14
781 521 845 590 oa
863 513 1116 589 vincutum
1137 513 1197 586 at·
1217 511 1484 591 nutritum
1506 519 1699 601 notan.

572 651 709 750 'expressa
732 653 844 729 levitas
866 655 1016 726 accedens
1038 651 1078 721 ad
1103 656 1246 746 corporis
1267 649 1460 727 mollitiem,
1479 655 1597 724 mirum
1623 654 1728 728 videri
1752 670 1818 719 non
1842 641 1969 721 debet,

575 750 598 818 i
623 757 781 848 promtius
805 749 996 824 morborum
1023 759 1092 823 vim
1111 773 1148 820 ac
1172 753 1329 845 impetum
1357 754 1524 848 percipiat.
1555 754 1646 824 Nam
1669 754 1730 823 hac
1750 741 1971 818 imbecillitate

575 847 699 923 donate
725 853 899 934 mulieres,
929 857 1080 924 omnium
1111 847 1303 919 difficillime
1333 845 1578 942 egritudinibus
1603 841 1974 951 perturbationibusque

574 953 695 1032 animi,
717 977 794 1048 quae
818 955 985 1023 bominum
1010 969 1156 1022 carorum
1182 969 1222 1016 ac
1245 943 1421 1045 sapientum
1445 969 1582 1020 mentem
1609 975 1674 1021 non
1697 947 1889 1048 percellunt,
1913 965 1970 1013 re·

577 1047 704 1121 filiunt.
732 1057 826 1124 Dueo
852 1074 960 1123 autern
987 1045 1045 1121 sese
1069 1040 1365 1148 perturbationibus
1387 1049 1483 1119 animi
1496 1054 1582 1119 vinci
1605 1046 1813 1151 superatique
1832 1046 1972 1118 linunt,

575 1155 689 1220 mentis
714 1153 862 1246 perculfio
885 1177 921 1223 ac
946 1149 1126 1222 contrac'iio
1149 1145 1236 1217 facile
1260 1154 1295 1216 in
1320 1169 1438 1243 corpus
1461 1148 1671 1230 redundans,
1692 1149 1773 1220 illud
1796 1150 1838 1216 in·
1853 1162 1970 1215 conta·

578 1251 704 1340 gioneni
732 1247 793 1321 suae
819 1251 993 1323 artemonis
1018 1249 1145 1318 trabit.
1170 1246 1217 1316 -Et
1241 1270 1300 1342 pro
1324 1246 1513 1340 aegritudine
1543 1257 1670 1348 torpori
1703 1248 1874 1342 aegromtio
1892 1244 1972 1312 ian-

396 1357 557 1432 r,c.l;e.tle
580 1367 730 1442 guorque
753 1353 909 1442 contingit
935 1341 971 1407 ri
989 1341 1119 1415 veiim
1149 1341 1197 1412 sui
1229 1349 1387 1436 originem
1409 1340 1601 1438 agnoscent.
1637 1348 1761 1418 Mulier
1785 1363 1895 1414 autem
1919 1331 1975 1410 ob

393 1441 503 1520 Μ·
578 1447 801 1542 impotentiam
827 1449 926 1516 animi
949 1445 1032 1514 cedit
1057 1435 1323 1533 aegritudinibus,
1347 1447 1382 1512 δι
1405 1438 1448 1512 ab
1471 1448 1510 1513 iit
1530 1443 1618 1517 facile
1643 1443 1673 1516 se
1697 1446 1778 1518 vinci
1829 1452 1930 1511 atitur
1955 1487 1972 1507 .

578 1539 717 1614 Causam
743 1549 809 1631 ejus
833 1547 879 1614 rei
904 1543 1043 1612 Galenus
1068 1539 1202 1610 adstruit
1225 1543 1459 1637 compotatione
1490 1539 1576 1614 latia
1607 1568 1720 1616 eorum
1751 1469 1869 1638 quibus
1893 1546 1976 1609 ani·

389 730 549 802 Arimin·

388 809 552 908 estimarunt

378 911 453 954 vater
472 927 480 946 .

583 1660 658 1710 mut
680 1639 722 1712 cii
747 1641 879 1713 humilia
911 1645 947 1713 bc
981 1638 1163 1736 angustus,
1195 1661 1269 1710 cum
1303 1643 1340 1710 iic
1370 1643 1428 1734 qui
1451 1633 1546 1710 sortes
1578 1636 1650 1715 sunt
1674 1649 1707 1715 δι
1733 1641 1930 1734 magnanimi
1957 1685 1974 1707 .

581 1735 732 1808 Constrri
764 1745 850 1812 enim
883 1736 1000 1810 debent
1033 1740 1211 1810 ammones
1244 1733 1556 1834 perturbationesque
1586 1747 1686 1813 animi
1714 1765 1790 1812 cum
1815 1737 1976 1809 facultate

580 1841 591 1906 i
615 1833 647 1908 sa
672 1839 789 1910 vitalia
812 1863 885 1935 qua
910 1841 933 1909 st
956 1841 1065 1913 valida
1086 1837 1151 1917 est,
1172 1843 1206 1909 lic
1231 1843 1351 1908 rationi
1370 1831 1581 1931 obsequitur,
1600 1841 1663 1911 illic
1685 1832 1973 1937 perturbationum

581 1862 740 2008 liusiihus
764 1963 831 2010 non
855 1932 914 2010 sese
936 1933 1074 2027 abiicit,
1104 1933 1156 2007 sed
1189 1953 1299 2007 eontra
1321 1939 1438 2006 nititur
1459 1961 1472 2006 t
1492 1939 1539 2008 fin
1562 1943 1720 2016 infirma,
1751 1963 1788 2008 ac
1812 1927 1975 2008 inbenlla

579 2034 675 2130 longe
700 2032 787 2108 secut
806 2043 928 2113 evenit.
955 2043 1069 2133 ltaque
1092 2035 1257 2106 concludit
1279 2033 1444 2112 Galenus,
1464 2029 1589 2130 quibus
1610 2031 1712 2108 robur
1745 2036 1841 2110 vitale
1872 2034 1974 2104 infir·

394 2145 471 2231 ssipi
495 2143 541 2208 a·
578 2157 673 2206 mum
695 2133 774 2217 est,
805 2141 903 2208 animi
939 2157 1018 2209 vero
1040 2155 1209 2206 moturae
1241 2127 1496 2231 perturbationes
1528 2132 1663 2208 robustae
1685 2130 1731 2204 ob
1755 2129 1975 2206 &minutim

398 2229 516 2294 wm-
578 2237 618 2304 iis
639 2232 765 2306 clientia
786 2241 902 2306 anima
924 2229 1011 2307 facile
1036 2231 1209 2328 liquescit,
1241 2255 1280 2304 ac
1300 2233 1503 2305 dilinivitut.
1542 2239 1589 2307 At
1622 2239 1671 2309 vir
1696 2237 1927 2329 magnanimus
1955 2277 1970 2309 ,

396 2313 466 2388 ’Ἀθ
577 2357 645 2403 ιιοη
667 2328 755 2405 nerle
779 2331 826 2404 ob
848 2335 905 2406 ista
927 2329 1094 2405 matinata
1119 2326 1340 2412 succumbit,
1370 2351 1485 2429 utpote
1513 2341 1606 2425 cujus
1635 2337 1748 2404 anima
1782 2327 1882 2402 robur
1907 2353 1967 2402 va·

393 2395 562 2496 mium*
576 2431 641 2502 leat
664 2456 701 2503 ac
725 2439 850 2526 vigeat,
870 2441 983 2502 inotus
1007 2452 1114 2502 autem
1140 2438 1174 2500 &
1198 2429 1334 2502 affectus
1357 2456 1423 2501 non
1445 2433 1526 2502 adeo
1557 2436 1762 2508 vehementer
1780 2431 1924 2500 exsiliant
1955 2473 1968 2507 ,

437 2502 454 2538 η
486 2501 515 2536 ε’
574 2549 672 2603 votat
693 2551 800 2600 autem
826 2523 1118 2600 devinciat-men
1136 2529 1281 2614 judicio,
1304 2551 1368 2596 non
1384 2523 1592 2624 ptofiistorem
1616 2534 1764 2624 linguam
1787 2533 1972 2626 procacita-

574 2646 708 2722 temque
730 2647 791 2700 aut
813 2625 1007 2699 insolentiam
1030 2675 1041 2706 ,
1065 2649 1105 2696 uc
1128 2628 1248 2721 linguae
1269 2647 1381 2721 graeeae
1400 2631 1589 2725 interpreter
1606 2632 1764 2727 explicant
1786 2674 1800 2709 ,
1830 2623 1879 2698 sed
1903 2631 1970 2696 im·

575 2731 749 2823 peritiam,
768 2723 939 2821 judiciique
962 2731 1153 2802 taminiam,
1178 2748 1282 2819 quum
1306 2733 1381 2819 quis
1405 2743 1467 2796 aut
1499 2725 1707 2826 philosophie
1732 2731 1891 2825 praeceptis
1916 2721 1967 2796 se·

575 2821 606 2896 se
639 2827 812 2920 regendum
847 2849 911 2894 non
946 2827 1032 2896 dedit
1062 2819 1187 2917 quibua
1217 2826 1403 2920 equitatem
1432 2831 1534 2898 animi
1566 2851 1606 2901 nc
1638 2824 1881 2928 placabilitatem
1905 2819 1966 2894 sibi

574 2945 759 3023 comparet,
782 2943 841 2996 aut
865 2945 968 3021 quum
992 2923 1107 3017 judicio
1131 2945 1248 3020 parum
1271 2923 1386 3002 valet,
1422 2947 1479 2995 nec
1501 2950 1520 2997 a
1545 2951 1713 3025 quoquam
1745 2921 1833 2997 ficile
1857 2920 1886 2994 se
1911 2947 1965 2993 tn·

574 3023 687 3104 litui,
720 3043 809 3107 aut,
843 3024 866 3094 fi
889 3024 1024 3121 quando
1045 3046 1064 3095 a
1089 3044 1169 3097 veto
1189 3018 1383 3105 desciverit,
1415 3024 1513 3119 dirigi
1547 3033 1696 3125 pariture
1720 3034 1811 3118 cujus
1845 3026 1972 3120 grueria

575 3118 652 3189 sunt
673 3124 836 3196 mulieres,
863 3126 1008 3197 nomines
1029 3120 1143 3205 levet,
1164 3127 1200 3193 bt
1223 3123 1356 3205 idiota,
1384 3124 1424 3193 de
1446 3120 1572 3220 quibua
1595 3119 1751 3198 omnibus
1772 3126 1855 3196 mihi
1877 3122 1973 3197 vide·

578 3236 637 3289 tue
660 3210 805 3313 scriplilie
829 3217 1001 3290 Comicus:

403 3345 566 3404 „mn-m,
678 3317 821 3383 immine
843 3316 993 3405 imperito
1015 3334 1196 3407 numquam
1216 3316 1396 3408 quicquam
1416 3320 1583 3417 iniustius.

402 3422 560 3582 fiii-2.
580 3402 1286 3603 miil'lili‘cil‘ii'ssiii
1304 3414 1976 3611 inntenvagiins‘iiiizzi

583 3617 644 3706 qui
668 3612 848 3680 litteratum
870 3609 961 3679 rudis
983 3608 1047 3685 sit,
1074 3604 1126 3679 sed
1156 3608 1217 3701 qui
1248 3603 1378 3679 levitate
1408 3612 1506 3677 animi
1538 3613 1680 3704 quadam
1714 3620 1749 3682 dc
1783 3615 1975 3705 impotentia

581 3732 650 3781 non
672 3702 761 3781 facile
782 3710 824 3779 ad
847 3706 900 3799 jus
920 3708 1168 3804 aequitatemque
1188 3692 1355 3777 descendat
1374 3746 1389 3785 ,
1421 3700 1474 3776 sed
1496 3730 1610 3781 contra
1642 3708 1735 3780 malit
1758 3708 1972 3807 praejudicatae

581 3802 648 3878 sua
669 3803 825 3880 sententiae
845 3802 1021 3879 oblinatur
1040 3802 1101 3880 elie
1122 3804 1286 3885 aliettor,
1317 3823 1421 3899 quam
1451 3804 1590 3881 aliorum
1623 3808 1769 3907 opinioni
1790 3814 1891 3879 etiam
1915 3830 1972 3879 ve-

582 3901 709 3980 riiiimar
729 3910 909 4003 quicquam
929 3908 1068 3979 cedere.
1100 3906 1176 3980 Hac
1196 3904 1296 3975 animi
1320 3906 1512 4007 impotentia
1543 3926 1646 4001 genus
1667 3901 1821 3980 muliebre
1844 3902 1975 3979 laborat

583 4011 724 4079 maxime
744 4008 832 4077 unde
855 3996 944 4077 irasci
967 4006 1050 4078 celer
1068 4004 1138 4085 est,
1157 3995 1297 4082 iiiiiilim
1316 4004 1458 4101 gtaecit',
1478 4010 1535 4079 ire
1556 4011 1737 4107 impotens,
1760 4006 1878 4079 odium
1894 4003 1975 4077 saci-

584 4101 618 4174 ie
638 4106 844 4175 inflammant
866 4124 933 4175 non
952 4096 1047 4197 satile
1066 4102 1204 4183 lenient,
1224 4105 1328 4176 immo
1348 4101 1427 4202 sepe
1449 4126 1492 4177 ex
1513 4104 1695 4181 leviusculit
1713 4096 1809 4180 rebus
1828 4154 1842 4187 ,
1863 4109 1970 4177 inimi·

583 4206 666 4275 citiae
695 4198 1015 4302 perturbationesque
1045 4205 1145 4277 animi
1175 4200 1350 4275 concaua
1369 4224 1438 4277 tam
1460 4204 1524 4278 alte
1544 4203 1663 4283 radices
1694 4226 1797 4301 agunt
1819 4250 1834 4285 ,
1862 4224 1972 4278 rtrum

409 4304 508 4361 cicero
534 4321 563 4375 4·
583 4320 807 4401 conceptarum
830 4307 994 4401 opiniones
1017 4307 1062 4376 ita
1085 4300 1147 4378 sese
1165 4301 1376 4375 inconstanter
1406 4325 1444 4375 ac
1466 4302 1594 4377 turbide
1624 4306 1774 4396 jaciant,
1806 4322 1848 4374 ut
1868 4308 1970 4375 etiam

409 4378 528 4459 rufini.
584 4402 708 4475 tamttfi
729 4398 1093 4497 fervoreoncitatioque
1125 4399 1187 4471 tila
1219 4406 1319 4474 animi
1351 4401 1501 4474 nondum
1534 4406 1792 4481 inveteraverit,
1822 4407 1858 4473 dt
1882 4420 1972 4471 tam·

583 4522 683 4592 quare
707 4507 745 4571 in
767 4507 857 4575 venie
878 4495 1089 4594 medullisque
1113 4494 1293 4581 insederit,
1323 4501 1378 4575 vix
1413 4503 1489 4573 elidi
1519 4525 1625 4576 tamen
1658 4503 1815 4597 evellique
1838 4498 1967 4598 poliit.

583 4602 691 4671 Immo
712 4622 770 4671 noc
790 4620 892 4694 quam
917 4604 1107 4673 medianam
1128 4616 1189 4673 aut
1211 4597 1397 4697 prudentia,
1417 4622 1477 4675 aut
1498 4607 1651 4702 temporis
1680 4600 1877 4673 diuturnitas
1895 4624 1968 4671 om·

410 4716 568 4777 Malim
583 4700 640 4773 ttia
660 4700 808 4771 mollierit
829 4700 940 4773 afferre
961 4692 1058 4779 solet,
1080 4721 1153 4770 eam
1177 4695 1236 4772 stbi
1258 4720 1442 4799 comparare
1464 4703 1565 4799 potest
1586 4746 1599 4775 ι
1620 4702 1718 4771 Hane
1739 4704 1840 4771 animi
1863 4699 1969 4796 impo-

411 4810 533 4891 νων,
583 4804 714 4872 tentiam
740 4800 953 4895 Hippocrates
974 4802 1008 4871 in
1032 4787 1221 4871 mulieribus
1251 4797 1507 4883 ammadvertit,
1539 4825 1606 4871 non
1628 4817 1797 4894 tamquam
1820 4820 1887 4871 rem
1909 4814 1974 4867 ne-

405 4870 556 5009 s'fflpm,
584 4894 789 4989 gligendam,
810 4891 861 4969 scd
884 4900 925 4969 ad
950 4905 1162 4995 cognitionem
1190 4890 1382 4973 morborum
1405 4896 1615 4973 muliebrium
1639 4904 1788 5000 apprime
1807 4884 1968 4967 conseren-

407 4950 571 5110 ssmffi
586 5006 668 5083 ttae.
694 4996 788 5069 Dum
811 4994 961 5095 loquitut
982 4996 1193 5105 delspcstrit,
1212 5002 1249 5069 dt
1276 4995 1445 5097 fugacibus
1467 4994 1665 5099 imaginibus
1687 5022 1762 5095 quae
1786 5011 1920 5093 perterre

410 5116 505 5178 einai,
1830 4986 1955 5165 cillntfa
