4434 6000
358 577 531 654 LIBER
565 581 636 652 DE
673 577 1013 652 URlNARUM
1038 577 1394 652 HYPOSTASl.
1473 600 1542 671 ²53

221 699 354 782 broma
377 696 442 772 bile
466 705 546 783 surr,
568 695 626 774 ubi
651 695 727 772 bilis
748 699 932 770 dominatur
951 694 1168 798 morbumque
1187 699 1282 782 facit,
1309 699 1366 776 ubl
1391 703 1508 774 acuties
1524 716 1610 772 mori

187 868 189 871 .
219 796 279 879 bi,
308 802 363 880 his
385 825 451 873 non
484 799 654 901 hypostasis
676 799 899 871 desideraturi
930 799 1004 869 Cur
1039 804 1148 897 itaque
1182 801 1292 900 pallini
1328 807 1538 900 Hippocrates
1573 805 1607 872 in

218 900 307 998 Epid.
333 893 523 972 morborum
556 918 728 971 acutorum
762 919 894 969 narrans
927 896 1095 970 historiam
1131 897 1328 998 hypostaseos
1360 903 1540 972 meminit?
1574 904 1610 972 δι

218 1021 318 1168 iffi?
331 993 903 1194 sllffiiff'ssbr‘lffil‘ltii
922 994 1609 1194 il‘irlffll‘simillimis

218 1200 257 1266 tis
277 1197 399 1269 humor
421 1197 600 1296 hypostatis
624 1193 735 1276 facit,
770 1192 888 1264 frustra
909 1200 976 1282 ejus
1001 1198 1119 1265 mentio
1151 1196 1264 1284 injusta
1287 1197 1362 1267 tll.
1393 1197 1559 1291 Siquidem
1584 1195 1608 1264 st

221 1294 390 1388 hypoliafis
413 1295 457 1367 tll
482 1301 515 1366 in
540 1299 671 1375 acutis,
703 1294 755 1366 rel
780 1314 852 1391 pars
873 1291 917 1362 est
940 1294 1086 1364 humoris
1109 1287 1244 1372 biliosr,
1278 1296 1327 1367 vel
1362 1294 1503 1365 alimenti
1536 1293 1608 1362 reli-

218 1415 320 1488 quum
344 1394 411 1472 est,
437 1397 486 1466 vel
510 1391 589 1466 succi
614 1394 725 1462 erudi.
751 1392 798 1460 At
821 1407 926 1466 terrra
951 1391 1044 1464 aliter
1071 1415 1119 1462 res
1143 1388 1239 1464 habet
1270 1395 1303 1462 in
1329 1387 1442 1462 biliofis
1467 1386 1605 1470 morbis,

218 1493 303 1563 aliter
329 1499 363 1564 in
388 1495 570 1591 pituitofis:
595 1495 712 1587 Quum
746 1485 832 1560 enim
858 1483 991 1561 morbus
1024 1515 1062 1563 er
1085 1493 1191 1562 erudis
1214 1491 1258 1564 est
1290 1485 1512 1568 humoribus,
1547 1490 1605 1580 hy-

217 1591 344 1688 postasis
367 1593 470 1664 multa
492 1592 557 1662 eli:
583 1592 606 1660 fi
629 1613 667 1660 err
691 1582 824 1667 biliofis,
848 1607 906 1660 aut
931 1589 1024 1660 nulla
1047 1589 1092 1660 tll
1114 1593 1278 1671 omnino,
1302 1609 1359 1662 aut
1383 1592 1514 1660 omniuo
1539 1593 1600 1658 tui·

216 1693 323 1770 trima,
349 1687 399 1760 sed
424 1686 539 1762 sufficit
561 1709 733 1761 euaeotema
757 1684 779 1779 s
797 1703 835 1758 ut
854 1687 984 1758 'dietum
1008 1687 1072 1779 est)
1095 1691 1321 1788 corpulentum
1346 1694 1381 1760 δι
1404 1687 1599 1762 candidumr
1690 1753 1707 1802 ⁶
1721 1743 1759 1803 m

212 1789 273 1858 lroe
297 1791 320 1858 fi
343 1784 499 1867 sufficiat,
536 1811 596 1860 tut
643 1786 763 1861 uotidie
794 1790 827 1858 iu
861 1791 960 1858 acutis
983 1786 1161 1885 hypostasin
1193 1789 1426 1886 exptmamust
1453 1791 1490 1858 ln
1514 1760 1771 1900 aeutifff'fjost'

213 1884 319 1960 morbi
343 1883 533 1986 paroxysmo
557 1813 666 1986 pulsus
688 1885 817 1981 infiguis
839 1890 1004 1967 mutatio,
1037 1891 1130 1971 urina
1165 1893 1268 1960 tenuis
1301 1905 1430 1986 appetet
1455 1911 1464 1956 t
1488 1887 1600 1960 eodem
1637 1840 1701 1904 Μ
1757 1867 1767 1890 ’

212 1984 386 2068 desinente,
434 1981 520 2059 ulsus
543 1983 696 2058 remillior
718 1987 782 2062 fit,
805 1991 902 2056 urina
925 1987 1127 2061 coloratior,
1163 1987 1308 2055 nonnihil
1341 1998 1375 2054 iu
1403 1988 1509 2056 medio
1532 1981 1599 2055 sus·

214 2081 343 2180 pensum
368 2087 412 2158 lta
474 2109 508 2166 s,
532 2085 692 2181 numquid
715 2085 749 2152 ld
774 2102 898 2154 uaturae
919 2082 1058 2153 declarat
1084 2081 1269 2176 vibiotiam?
1298 2085 1347 2152 Ac
1368 2089 1430 2172 jam
1457 2084 1630 2162 diximus,
1745 2153 1751 2162 ,

213 2184 300 2254 aliud
326 2185 384 2258 eise
406 2179 501 2264 «iub,
526 2185 614 2257 aliud
639 2179 789 2246 imm·
814 2181 945 2254 Crudus
969 2179 1088 2251 humor
1113 2181 1154 2252 ad
1179 2177 1384 2281 hypostaseon
1411 2182 1596 2252 multitudi'·
1666 2218 1670 2226 s
1770 2198 1773 2206 ’

210 2303 279 2353 urm
304 2279 396 2357 faci.
423 2284 571 2354 lncoblus
594 2304 658 2354 uun
682 2286 726 2350 ita
751 2277 847 2374 saept,
874 2275 925 2350 sed
949 2274 1014 2350 sola
1040 2275 1251 2375 superiumero
1276 2279 1457 2377 repressione
1477 2285 1597 2352 &con-

209 2398 377 2551 {iiiii
380 2397 948 2576 lieissi‘ssrlll‘lssrssissllfimi
966 2379 1597 2574 stillis„illisit-,2151

206 2574 257 2646 sed
290 2581 442 2672 qualitate
476 2580 620 2648 humoris
654 2573 712 2648 sese
748 2575 891 2672 produnt
915 2599 924 2643 r
952 2577 1003 2647 be
1035 2585 1215 2675 quantitate
1260 2579 1397 2676 potius.
1446 2578 1487 2646 Et
1520 2600 1593 2671 quae

208 2671 357 2754 ὺιληιά
381 2679 463 2748 inter
487 2698 643 2772 utraque,
668 2679 776 2749 eadem
801 2678 883 2745 iortr
907 2668 1092 2746 biliosus&
1140 2671 1282 2749 ituitosos
1307 2670 1459 2746 morbos:
1486 2679 1518 2745 itr
1545 2671 1595 2746 bi·

208 2773 290 2843 liofis
313 2796 517 2850 tnaeortmata
539 2777 709 2865 judicando
732 2793 789 2844 aut
804 2774 979 2848 ¹iudicando
1002 2768 1075 2844 saris
1098 2701 1204 2846 subt.
1239 2779 1274 2846 lu
1298 2776 1454 2874 pituitofis
1489 2774 1593 2870 hypo·

207 2870 293 2942 siafis
317 2875 475 2946 necessaria
498 2875 568 2946 est.
605 2875 703 2944 Porro
726 2871 770 2945 est
793 2867 858 2946 ubi.
882 2891 1088 2944 erratoremata
1124 2873 1209 2968 figura
1247 2869 1319 2946 sunt
1344 2876 1516 2970 incipientis
1539 2897 1593 2940 eo·

207 2971 341 3053 titionis,
365 2972 408 3044 ell
432 2967 488 3045 ubi
514 2975 599 3069 figor
624 2969 697 3048 sunt
759 2966 880 3043 tftsiae,
904 2973 992 3044 Nam
1019 2979 1053 3044 lle
1076 2995 1250 3045 enreomma
1274 2977 1307 3040 bt
1335 2967 1451 3043 nebula
1476 2989 1595 3063 quarto

209 3089 267 3140 aut
290 3068 425 3172 ¹septimo
448 3075 498 3143 die
521 3095 693 3173 appetens,
732 3091 860 3144 uturum
886 3071 1062 3167 hypostasin
1088 3072 1259 3143 undecimo
1273 3090 1330 3141 aut
1353 3072 1476 3141 decimo
1494 3092 1594 3162 quar·

207 3188 243 3245 to
266 3169 381 3243 docet.
407 3173 531 3253 Contra
555 3180 588 3245 iu
613 3170 694 3247 sanis
715 3173 795 3245 dutu
819 3174 971 3262 coquitur
994 3171 1202 3246 alimentum,
1225 3169 1388 3264 &aliquid
1415 3168 1592 3243 cusliutrem

207 3262 314 3359 sugit,
339 3271 506 3366 hypollabs
530 3274 634 3343 multa
656 3272 726 3343 est:
760 3290 865 3361 quum
884 3262 1035 3337 absotma
1068 3268 1200 3346 rosilo,
1232 3287 1289 3339 aut
1325 3262 1439 3339 nebula
1464 3287 1595 3342 tantum

209 3363 272 3444 tsi,
296 3386 355 3437 aut
377 3388 571 3453 torrorema.
599 3370 639 3438 Et
663 3374 696 3437 in
721 3360 842 3439 morbis
863 3386 967 3457 quum
994 3366 1051 3435 diu
1075 3365 1247 3463 hypollafis
1279 3367 1380 3438 multa
1404 3370 1595 3465 apparuit,

208 3486 276 3555 quo
303 3473 435 3562 propius
457 3468 499 3538 ad
523 3463 683 3538 linitattm
709 3464 895 3543 acceditur,
930 3488 970 3533 eo
993 3467 1099 3535 minus
1130 3464 1251 3560 aliquid
1277 3460 1443 3541 subsidet,
1476 3472 1508 3535 δι
1533 3483 1592 3534 aut

207 3569 441 3647 erraeortmatis,
464 3585 522 3637 aut
547 3560 673 3637 nebula
696 3564 816 3634 occaso
838 3560 909 3631 tll.
942 3564 990 3633 Sic
1023 3564 1104 3633 idem
1130 3563 1173 3633 est
1199 3566 1320 3659 sgnum
1353 3568 1529 3658 incipientis
1554 3566 1590 3633 lit

207 3659 354 3753 petlellae
376 3663 549 3743 corilionis,
573 3663 621 3737 sed
645 3658 768 3733 diverso
792 3680 950 3757 tempore.
977 3663 1105 3735 Accedit
1115 3663 1205 3755 qoud
1232 3665 1263 3731 iu
1290 3656 1369 3732 linis
1393 3662 1496 3731 hieme
1517 3659 1590 3755 plu.

208 3762 325 3831 timum
349 3761 393 3833 cli
418 3759 577 3835 sedimtuti
602 3756 789 3836 laudabilis,
813 3760 914 3832 aeslatt
938 3764 1072 3832 miuus.
1108 3761 1149 3829 Et
1174 3758 1328 3853 quotide
1353 3754 1429 3831 sanis
1452 3759 1595 3839 dicitur,

208 3857 287 3927 idem
312 3862 353 3929 de
376 3863 470 3955 agris
492 3864 552 3933 diti
577 3863 700 3959 potell.
728 3858 841 3931 AEllivi
865 3853 970 3929 morbi
995 3878 1200 3929 enaeoremate
1224 3864 1364 3927 contenti
1390 3852 1491 3933 suut,
1525 3856 1602 3926 hie·-

209 3958 306 4025 males
331 3962 466 4051 multam
491 3962 668 4061 hypollasru
695 3954 844 4030 habeut.
878 3957 941 4026 Rti
968 3952 1177 4047 liujus-causa
1201 3960 1348 4048 cognita,
1375 3956 1415 4025 ad
1442 3956 1474 4025 id
1499 3954 1589 4050 quod

208 4055 383 4146 quaetimbs
405 4060 582 4154 plurimum
607 4058 697 4131 facit.
726 4057 825 4129 Unde
847 4070 1065 4128 commentum
1089 4054 1134 4125 tll
1158 4056 1279 4126 credere
1304 4056 1347 4143 lry
1392 4048 1501 4124 lloseos
1525 4076 1592 4123 ma·

209 4158 317 4225 teriam
342 4174 465 4251 partem
491 4156 548 4229 tile
573 4159 712 4237 alimenti
739 4149 906 4252 prasertim
941 4157 972 4223 iu
996 4148 1163 4225 febribus.
1195 4158 1292 4225 initio
1316 4152 1342 4225 ft
1369 4161 1451 4225 rium
1485 4147 1595 4250 pulsus

210 4254 416 4331 retrahitur,
447 4253 682 4337 urinae'renues
708 4257 768 4325 stne
790 4271 994 4324 tuatoremate
1030 4260 1064 4325 lit
1099 4246 1244 4333 nebula,
1279 4256 1310 4323 iu
1339 4256 1445 4347 vigore
1468 4251 1595 4331 aellus,

209 4349 319 4441 pulsos
344 4374 382 4421 ut
406 4356 438 4422 iu
465 4348 682 4441 abseessibus,
716 4361 823 4424 omoia
856 4345 1034 4424 acerbiora·
1068 4346 1138 4421 Sub
1173 4354 1267 4423 linem
1292 4346 1467 4447 paroxysmi
1493 4354 1592 4423 urinae

210 4451 332 4532 rirb'tae,
357 4453 457 4543 etallae
479 4476 555 4524 cum
580 4474 780 4525 tueortmate
804 4468 872 4523 aut>
890 4450 1043 4547 hypollasl
1063 4474 1072 4517 :
1096 4444 1188 4524 ibris
1212 4445 1375 4525 solvitur.
1404 4455 1454 4520 Au
1470 4474 1534 4517 non
1559 4448 1594 4517 id

209 4547 250 4615 de
273 4559 406 4636 materia
428 4546 555 4625 morbi?
581 4558 609 4623 A
633 4552 816 4646 mestutetio
838 4572 1018 4646 vaporant
1041 4550 1119 4641 quid
1146 4569 1262 4621 tetrum
1289 4546 1407 4642 surgit,
1432 4552 1521 4638 cujus
1545 4548 1595 4620 ri-
1746 4551 1747 4557 ’

211 4644 253 4714 fili
278 4652 406 4746 tignum
428 4647 480 4723 eu
497 4656 530 4723 in
555 4658 669 4723 urina·
694 4654 807 4743 Qum
832 4652 963 4719 materia
988 4646 1130 4747 pestilens
1169 4650 1213 4719 nil
1246 4650 1362 4719 hurum
1397 4665 1521 4744 parets
1553 4668 1593 4715 atr

209 4739 448 4847 symptomatum
471 4750 595 4823 cellario
618 4754 691 4833 fiet,
715 4756 793 4845 quia
815 4744 907 4819 tibus
930 4744 1011 4819 bene
1034 4751 1206 4841 coquitur,
1231 4754 1320 4835 cujus
1345 4768 1416 4844 pars
1441 4746 1484 4835 hy
1529 4742 1593 4812 ua-

209 4842 253 4913 sur
279 4846 375 4935 satit?
402 4872 492 4917 noo:
516 4845 565 4920 sod
588 4857 671 4943 quia
703 4852 834 4921 materia
857 4849 940 4919 mala
963 4850 1088 4918 domita
1112 4845 1154 4916 eli
1177 4892 1194 4921 ,
1224 4852 1258 4917 &
1284 4866 1341 4941 pus
1367 4844 1453 4915 uelut
1507 4840 1593 4913 siu.

208 4942 259 5013 Sic
286 4943 456 5045 hypostasis
479 4948 610 5042 analoga
630 4948 679 5019 ,ost
703 4952 806 5046 putir
832 4954 869 5015 lu
895 4940 1036 5017 febribus
1058 4943 1103 5014 tll
1128 4943 1216 5017 velut
1241 4966 1395 5017 venarum
1421 4934 1594 5009 abscessuse

208 5036 245 5113 lu
268 5043 371 5146 longo
397 5040 513 5121 morbo
535 5054 673 5127 materiae
696 5054 784 5148 ratio
807 5049 916 5148 potius
940 5041 1109 5123 habetur,
1145 5050 1179 5117 ui
1204 5038 1294 5119 forte,
1308 5042 1347 5115 ad
1373 5038 1524 5209 dimiserim
1549 5056 1595 5117 1⁸.-

331 5192 338 5199 .
1422 5160 1463 5211 ou
1498 5156 1551 5217 ass

1611 1671 1717 1724 comm
1730 1663 1772 1722 d
