4434 6000
688 599 1746 711 242'oue1stsr'1nnttourr

629 743 739 822 albam
767 745 802 809 &
827 735 980 830 equdem
1004 777 1016 810 ,
1040 737 1177 806 immo,
1208 727 1299 820 qnod
1326 749 1405 824 pene
1429 727 1599 807 dixerim,
1631 751 1691 827 pus
1725 721 1829 826 ipsum
1853 727 2011 798 continen-

628 869 709 928 tes,
744 839 864 931 vulgus
887 833 1019 932 quidem
1052 827 1157 929 ipsum
1192 821 1417 928 perturbant,
1450 827 1484 897 dt
1519 843 1631 900 eontra
1665 827 1807 900 blodicos
1843 823 1931 902 bona
1968 825 2011 930 spe

627 947 865 1023 consolantur.
902 936 1012 1004 Multa
1037 935 1071 998 dc
1098 927 1247 1028 pluribus
1270 923 1382 998 drebru
1404 932 1508 1000 erens
1532 927 1705 1027 hypostasis
1740 923 1865 1000 unum
1892 932 2012 1024 signum

625 1050 672 1120 est
696 1093 709 1127 ,
734 1050 769 1114 δι
793 1032 885 1110 causa
909 1043 942 1104 in
968 1025 1086 1102 morbis
1111 1075 1123 1108 ,
1146 1030 1312 1126 expellitur
1334 1034 1419 1098 enim
1443 1037 1574 1099 materia
1599 1021 1749 1098 morbum
1775 1025 1911 1110 fatiens,
1937 1053 2012 1128 pou·

625 1172 663 1220 ta
687 1149 781 1218 etiam
808 1131 868 1207 sub
894 1136 990 1202 tinem
1016 1123 1122 1197 morbi
1149 1125 1233 1198 bona
1257 1127 1320 1198 eu.
1343 1129 1432 1200 Nam
1457 1129 1597 1199 declarat
1631 1149 1780 1197 naturam
1808 1131 1850 1200 ad
1875 1135 2010 1227 primun

626 1247 745 1318 ilatum
770 1239 902 1307 redire.
937 1232 980 1298 Et
1003 1231 1027 1299 st
1050 1223 1201 1299 sanorum
1227 1231 1327 1298 urina
1350 1250 1420 1320 quo
1445 1235 1547 1322 magis
1580 1227 1677 1296 cota:
1701 1219 1812 1307 sunt,
1847 1233 1961 1299 minus
1983 1253 2011 1300 er

627 1340 841 1416 sese‘dtmenri
865 1323 983 1403 lrabtre
1006 1322 1157 1408 debent3
1194 1332 1292 1398 urina
1328 1345 1436 1396 autern
1469 1349 1629 1420 agrorum
1654 1343 1726 1396 tum
1760 1327 1892 1398 demum
1929 1323 2010 1400 bone

629 1439 706 1513 sunt
729 1459 835 1534 quum
859 1426 1071 1502 ad‘sanotum
1097 1431 1203 1496 urinas
1238 1429 1417 1505 accedunt,
1441 1425 1520 1496 dum
1547 1421 1681 1523 persedit
1709 1421 1824 1498 sanitas
1855 1423 1919 1499 sese
1955 1452 2012 1526 pro·

630 1543 760 1614 mittit.
795 1537 846 1604 De
869 1521 1065 1626 hypostaseos
1097 1529 1278 1622 quantitate
1302 1528 1475 1606 demitur,
1509 1550 1574 1594 nun
1609 1545 1714 1596 autem
1750 1527 1790 1598 de
1822 1529 2004 1622 qualitate.

628 1639 731 1731 Quod
757 1631 935 1704 notandum
956 1627 1030 1696 ost.
1056 1629 1146 1697 Nam
1172 1633 1207 1696 dt
1231 1628 1317 1695 calor
1341 1625 1538 1722 deponitur,
1561 1629 1599 1692 dt
1623 1626 1710 1696 calor
1735 1645 1905 1699 extraneus
1934 1623 2004 1705 abit,

626 1746 662 1808 δι
690 1739 828 1808 renuitas
862 1725 949 1799 abeli
976 1773 988 1802 .
1016 1745 1126 1795 costra
1147 1723 1326 1802 crailitits,
1363 1723 1533 1820 hypolitus
1562 1725 1711 1802 multa,
1748 1727 1838 1797 color
1876 1723 2003 1806 bonus,

629 1836 783 1930 chymofis
807 1828 927 1904 bona,
960 1833 994 1896 δι
1018 1827 1097 1894 dum
1124 1821 1256 1894 morbus
1280 1825 1372 1923 plane
1403 1825 1511 1892 desunt
1536 1868 1547 1900 ‚
1581 1819 1688 1894 rursus
1711 1831 1805 1898 urina
1838 1819 1933 1898 suam
1957 1845 2004 1896 mr·

628 1932 827 2005 diocritatem
852 1930 1003 2002 retium
1037 1930 1072 1994 dt
1096 1925 1275 2022 hypostasin
1301 1923 1425 1992 nullam
1464 1917 1594 1993 habet.
1630 1921 1672 1992 Et
1707 1925 1758 1995 nic
1787 1923 1831 1995 est
1855 1929 1890 1997 in
1917 1926 2003 2025 optri-

630 2031 693 2104 bos
718 2052 840 2103 natura
863 2022 1038 2122 progrelius
1061 2035 1078 2091 ε’
1109 2025 1206 2092 Unde
1240 2027 1273 2092 in
1299 2019 1419 2090 morbis
1454 2023 1557 2094 venos
1590 2029 1713 2116 generis
1749 2027 1829 2096 tanti
1856 2030 1894 2099 fir
1920 2027 2003 2122 hypo·

629 2135 713 2203 llasts
740 2177 750 2208 ,
774 2149 812 2200 ut
835 2149 872 2196 ea
896 2119 1077 2222 praesente,
1103 2128 1138 2191 δι
1164 2117 1374 2218 perseverante
1399 2121 1507 2190 nullus
1532 2143 1676 2214 unquam
1701 2125 1884 2196 interierit.
1919 2123 2000 2223 Apud

631 2232 786 2299 Meditor
808 2231 892 2297 enirn
917 2222 1025 2290 nuilus
1048 2220 1154 2289 interit
1177 2217 1404 2320 apparentibus
1430 2221 1525 2312 signis
1547 2219 1734 2290 metionis.
1768 2225 1870 2314 Quod
1904 2223 1944 2294 eli
1963 2227 2003 2292 in·

632 2329 839 2424 telligendum
864 2326 896 2395 vi
922 2315 1059 2390 morbi.
1097 2321 1186 2390 Nam
1214 2323 1236 2388 sr
1260 2323 1475 2388 committitur
1499 2319 1617 2410 aliquis
1641 2343 1762 2402 error,
1796 2328 1912 2394 mortis
1932 2317 2004 2392 rdell

633 2429 787 2500 occasio.
821 2422 967 2516 Qidam
992 2415 1103 2488 dieunt
1118 2414 1352 2516 apparentibus
1385 2420 1479 2510 signis
1513 2416 1665 2489 coelom
1691 2423 1866 2506 nonnullos
1895 2425 2004 2492 interire

704 2529 807 2594 stetim
831 2525 856 2590 sr
878 2539 1040 2588 excernere
1063 2521 1096 2588 id
1118 2520 1211 2612 quod
1236 2519 1345 2588 auum
1370 2517 1413 2586 cll
1437 2541 1503 2585 non
1529 2523 1670 2615 pomerii
1695 2567 1705 2584 .
1739 2519 1840 2592 Potest
1871 2527 1950 2590 enim
1974 2537 2006 2587 er

649 2625 776 2694 ufficert
798 2620 838 2690 ad
858 2619 1036 2688 wstiotrem
1062 2661 1073 2695 ‚
1106 2643 1175 2686 non
1198 2617 1238 2688 ad
1272 2624 1483 2686 excretionem
1510 2667 1518 2685 .
1560 2619 1603 2687 tlt
1638 2614 1927 2690 hostensium
1951 2611 2007 2686 sola

633 2723 812 2798 eoffione,
845 2713 895 2785 sed
923 2717 1158 2788 &exclusione
1183 2711 1256 2786 sunt
1282 2715 1506 2795 estimandae.
1545 2717 1586 2784 Et
1609 2717 1697 2812 quod
1725 2737 1814 2787 antea
1838 2713 2008 2804 objecimus

632 2824 674 2892 lie
694 2812 840 2915 kbribm
861 2813 1146 2885 intermittentibus
1179 2819 1212 2884 in
1246 2811 1369 2910 qurbus
1403 2813 1575 2908 aliquando
1610 2809 1769 2888 laudabilis
1791 2813 1835 2886 eu
1858 2813 2008 2912 hypolit-

631 2923 671 2991 fis
695 2951 717 3002 ‚¹
738 2925 772 2987 tt
797 2935 904 2986 temen
927 2936 995 2984 non
1014 2914 1166 2983 cesant.
1200 2916 1231 2986 si
1265 2909 1436 3012 perseveret
1467 2911 1641 3013 hypollofis
1670 2962 1682 2992 ,
1709 2935 1773 2986 nun
1806 2913 1850 2984 eit
1874 2907 2006 2982 dubium

610 3024 715 3117 ‚quin
751 3014 897 3089 securitas
931 3020 967 3083 dt
1002 3009 1140 3086 brevitas
1172 3013 1395 3107 signifiorrur.
1432 3016 1571 3087 Brevitas
1605 3015 1738 3110 quidem
1772 3018 1868 3087 eriam
1904 3014 2005 3110 fipori

630 3140 696 3191 tres
722 3112 841 3191 menses
865 3107 997 3183 morbus
1021 3108 1252 3204 rsonsolvatur
1274 3118 1443 3183 omnino.
1479 3116 1524 3184 At
1561 3108 1695 3187 brevitas
1731 3114 1775 3185 est
1800 3116 1842 3185 ad
1865 3114 2005 3205 aliquid,

632 3223 758 3291 ratione
781 3209 888 3293 morbi
911 3213 1045 3303 quidem
1068 3216 1128 3307 qui
1151 3208 1282 3284 futurus
1303 3232 1371 3283 erat
1396 3212 1500 3281 mulr‘o
1525 3214 1666 3309 longior.
1695 3212 1736 3281 Et
1762 3215 1858 3307 quod
1882 3214 2008 3303 aliquan·

636 3320 682 3386 do
705 3324 776 3386 non'
791 3312 880 3384 oellet
902 3316 995 3379 etiam
1021 3306 1248 3406 apparentibus
1274 3313 1368 3405 lignis
1391 3308 1544 3380 coitionis
1567 3356 1578 3390 ,
1602 3314 1634 3382 id
1660 3310 1698 3379 lit
1724 3332 1784 3383 aut
1810 3334 1916 3385 errore
1939 3332 2007 3379 ton·

636 3416 731 3486 misso
756 3460 767 3493 ,
797 3432 858 3483 aut
880 3404 1065 3479 successione
1090 3413 1165 3483 novi
1192 3406 1294 3480 morbi
1328 3413 1386 3505 qui
1421 3410 1543 3504 aliquid
1573 3410 1667 3483 affine
1702 3408 1804 3485 habet
1829 3434 1905 3481 cum
1934 3412 2007 3506 prio

633 3534 708 3595 re,
740 3529 797 3585 cut
813 3508 1003 3579 -rndostrnse
1027 3510 1119 3579 male
1156 3506 1328 3599 diatbekos
1351 3517 1385 3577 in
1406 3530 1562 3606 pattena.
1600 3510 1740 3581 Ratione
1772 3512 1912 3582 materiei
1935 3524 2009 3575 mor·

632 3610 700 3685 bus
739 3608 817 3684 solvi
850 3603 1040 3687 debuerat,
1073 3626 1107 3678 at
1141 3628 1225 3681 nova
1267 3608 1412 3680 diatlrefis
1449 3606 1580 3679 include
1611 3612 1734 3707 patri,
1767 3612 1923 3709 producit
1953 3626 2009 3675 om·

636 3734 740 3784 nmo·
1707 3740 1710 3747 '

331 3876 367 3930 fi
692 3814 795 3883 Porro
820 3852 831 3887 ,
853 3802 945 3904 quod
969 3805 1081 3877 attinet
1102 3806 1145 3878 ad
1166 3824 1236 3879 eam
1260 3806 1436 3905 hypostasin
1455 3830 1533 3899 qua
1567 3807 1672 3880 multa
1704 3804 1747 3879 et
1777 3828 1837 3879 aut
1859 3825 1964 3903 pauca
1989 3802 2013 3867 ia

474 3928 526 4064 'spi
541 3941 616 4005 pan.
639 3906 761 3985 morbis
784 3956 795 3990 ,
816 3908 888 3977 licet
913 3905 950 3975 lit
974 3915 1145 3979 emeterio
1171 3904 1332 3977 morbifica
1357 3954 1368 3985 ,
1391 3909 1423 3976 id
1447 3928 1485 3975 ex
1510 3910 1632 3977 rarione
1656 3908 1787 4003 eorporis
1811 3950 1822 3979 ,
1857 3906 1963 3973 diere
1989 3904 2019 3967 dt

480 4010 615 4081 3·1⁸'b.²·
643 4006 751 4084 morbi
775 4006 989 4090 definiendum
1020 4006 1095 4075 eli.
1134 4010 1184 4076 lta
1217 4010 1304 4077 enim
1339 4008 1511 4077 Galenus:
1548 4010 1648 4098 AEger
1681 4002 1896 4077 sedimenrurn
1934 3992 2018 4070 babet

472 4102 544 4169 Μ·
646 4109 787 4181 multum
811 4105 835 4170 fi
859 4096 991 4171 morbus
1013 4126 1052 4174 ex
1074 4106 1182 4175 erudis
1205 4102 1397 4176 humoribus
1421 4102 1515 4175 luerit
1539 4151 1548 4170 .
1575 4105 1682 4175 Nullo
1706 4126 1782 4176 tero
1811 4104 1914 4174 modo
1938 4146 1948 4177 2
1970 4112 2018 4166 aut

639 4206 776 4281 ‘omnino
792 4205 1014 4289 minimum,
1045 4214 1173 4299 quoties
1207 4199 1336 4277 biliosus
1368 4200 1499 4275 lntrit'.
1544 4202 1606 4272 Sed
1640 4198 1712 4273 satis
1752 4206 1821 4275 trit
1854 4204 1878 4277 fi
1912 4192 2019 4267 luka

638 4298 833 4395 hanimi.
852 4303 902 4393 Et
924 4300 992 4371 aliis
1010 4301 1089 4373 loeis
1113 4310 1218 4399 quoin
1241 4301 1345 4374 senno
1361 4292 1503 4393 injicimr
1523 4300 1567 4375 de
1593 4306 1728 4399 pueris,
1753 4307 1795 4375 δι
1823 4304 1863 4372 iis
1883 4302 1940 4395 qui
1962 4298 2019 4367 otio

640 4418 679 4482 ’δι
702 4399 824 4474 (ἰῖἓηῑῑο
846 4412 949 4472 Vnam
969 4404 1152 4497 uarrsrgu‘nt
1178 4450 1188 4483 ‚
1213 4408 1248 4475 dt
1274 4403 1372 4473 modo
1388 4392 1581 4473 indulserint
1605 4407 1700 4495 genio
1725 4448 1736 4482 ,
1761 4422 1833 4475 aut
1856 4422 1908 4474 eos
1925 4412 2019 4469 uultui

643 4501 816 4580 filanitaii
839 4500 959 4569 restitui
979 4494 1099 4572 deberu
1128 4502 1235 4575 urinas
1260 4496 1376 4572 habere
1409 4497 1556 4581 debere,
1589 4504 1729 4574 multam
1770 4502 1956 4603 hypallafin
1978 4498 2018 4565 lu·

565 4609 594 4652 ’-
640 4600 786 4681 btnres,
818 4625 885 4670 non
909 4595 1023 4676 semel,
1045 4597 1096 4672 sed
1118 4604 1211 4673 diu.
1244 4600 1348 4695 Quod
1371 4596 1571 4675 obseruatum
1607 4584 2017 4699 circumsessionis

644 4703 709 4778 alio
728 4705 861 4796 materia
881 4702 1077 4797 proripuerit
1099 4741 1112 4777 s
1140 4720 1179 4771 ut
1203 4705 1225 4773 fi
1249 4726 1305 4800 per
1329 4702 1430 4771 ilium
1445 4698 1600 4789 'setesum
1633 4748 1644 4779 ‚
1666 4722 1727 4773 aut
1753 4698 1939 4777 absoetluas
1960 4694 2015 4769 fote

632 4798 697 4881 'itit
724 4801 775 4873 Ex
798 4795 920 4885 morbis
942 4803 1026 4868 enim
1056 4800 1192 4894 quidam
1223 4822 1278 4898 ptr
1308 4804 1420 4871 ‘urinas
1453 4803 1553 4894 magis
1579 4844 1589 4876 ‚
1613 4822 1670 4897 per
1705 4796 1870 4877 secessum
1894 4804 1942 4877 slri
1970 4789 2013 4865 Η·

630 4896 768 4978 buntur
792 4897 926 4993 :idque
952 4906 1048 4993 prout
1072 4920 1130 4970 aot
1146 4890 1309 4996 ingibba
1333 4918 1391 4971 aut
1414 4902 1547 4998 infxsrma
1579 4898 1703 4996 lupatis
1727 4907 1879 5000 rapitur
1902 4896 2012 4975 marens·

632 4994 760 5102 ‘'drqoe
783 4995 923 5073 utbrevi
941 4992 1414 5095 abbirimquonianpmtlo
1438 4999 1569 5095 polide
1592 4994 1802 5094 quibusdam
1846 4992 2013 5105 hypolalffl

633 5099 833 5175 differentiis
851 5106 884 5168 in
917 5089 1007 5191 egris
1042 5102 1217 5180 ditemus,
1251 5098 1367 5193 tripl'ta
1398 5102 1531 5185 omninu
1566 5096 1788 5175 stedimerrurrn
1825 5106 2012 5181 statuemus·

680 5218 685 5227 '
1916 5200 1985 5277 indi
