4434 6000
377 515 546 592 'LIBER
582 519 647 590 DE
684 507 1019 590 URtNARUM
1053 513 1408 589 HYPOSTASI.
1494 520 1563 609 ιδ)

238 626 313 728 sepe
337 654 451 726 auget.
477 637 580 708 immo
603 635 665 710 hoe
684 627 875 704 observatur
897 638 930 706 in
955 627 1077 710 morbis
1099 631 1244 710 ¹febrilem
1266 640 1407 714 calorem
1428 665 1484 740 per
1504 663 1632 738 corpur

240 729 419 804 universum
443 727 549 809 fusum
571 753 675 808 riouos
701 738 735 800 in
760 733 826 802 aliis
857 729 1004 827 patribus
1035 739 1198 810 tumultus
1226 745 1389 811 excitarer
1413 744 1503 814 unde
1542 743 1629 814 idem

239 849 316 922 :eger
336 853 444 924 quum
468 834 558 910 initio
579 834 620 904 dc
643 826 729 905 lebrt
752 851 936 925 quereretur
958 852 1120 914 tantum,
1153 835 1289 910 lucceilu
1321 843 1472 936 temporis
1496 841 1629 938 pondus

237 932 269 996 in
291 928 419 1004 thorace
441 924 550 1012 sentit,
575 937 610 1006 dt
634 932 668 1001 in
691 935 791 1028 capite
814 935 974 1026 ingentem
997 929 1142 1004 dolorem
1167 961 1180 1002 .·
1205 938 1281 1008 hinc
1304 939 1442 1008 camrrhi
1464 941 1626 1018 occasio.

238 1029 272 1098 δι
294 1028 520 1122 experimenti·
545 1052 665 1123 magna
686 1027 841 1102 motilitas
865 1055 875 1098 ι
907 1051 945 1102 ac
972 1029 994 1098 st
1017 1054 1124 1128 partes
1141 1057 1283 1115 omnes,
1315 1040 1349 1110 vi
1375 1032 1469 1107 febris
1491 1057 1625 1108 tentate

236 1129 270 1194 dc
292 1121 422 1202 alfii&
444 1146 505 1203 aut
531 1147 629 1204 recere
652 1148 850 1204 excremento
876 1125 933 1200 sele
956 1151 1124 1200 exonerare
1150 1133 1274 1214 velint,
1296 1154 1356 1204 ιιι
1372 1136 1455 1206 tliud
1472 1135 1625 1234 depellere

236 1224 321 1316 quod
346 1227 556 1302 diuturnitate
580 1222 686 1302 morbi
709 1228 909 1300 contrabium
932 1225 999 1305 eit,
1021 1249 1199 1325 utrumque
1221 1223 1377 1304 morbum
1400 1231 1483 1303 rone
1505 1254 1626 1328 ronge-

238 1343 339 1396 nerem
366 1320 499 1400 laceret.
522 1331 610 1402 Hinc
633 1321 826 1404 morborum
846 1320 1045 1404 ¹succeliionis
1069 1331 1214 1400 occrfior
1236 1334 1275 1400 δι
1298 1350 1401 1423 quum
1426 1325 1546 1401 morbo
1564 1329 1625 1404 ab·

235 1413 326 1491 soluti
351 1424 530 1504 videntur,
560 1432 597 1496 in
621 1425 698 1502 alios
720 1419 852 1498 subinde
882 1429 1125 1522 projiciunturr
1160 1430 1209 1498 Sic
1241 1428 1315 1498 licet
1347 1414 1478 1524 reprella
1511 1430 1550 1499 fit
1574 1435 1625 1504 vis

237 1516 371 1601 morbi,
401 1523 544 1598 multum
570 1518 695 1616 ubique
717 1544 950 1596 excrementum
986 1520 1077 1596 scatet
1108 1529 1145 1599 vi
1179 1546 1300 1598 nature
1322 1521 1563 1625 subigendum,
1590 1533 1626 1600 lic

235 1619 330 1711 quod
352 1623 521 1697 urinarum
545 1623 713 1696 mulierum
738 1627 773 1692 δι
796 1621 961 1694 coelatum
984 1625 1217 1697 diuturnorum
1240 1621 1465 1721 profusiones,
1490 1632 1528 1696 in
1548 1628 1629 1720 qui·

237 1709 299 1786 bus
324 1721 500 1796 etiannum
522 1718 682 1820 impreiiio
730 1719 851 1794 uadum
874 1746 950 1818 quae
973 1717 1445 1820 symptomrticoeelleorialcm
1473 1727 1623 1796 liniunt.

237 1815 317 1886 inde
341 1813 447 1892 sedula
470 1823 640 1896 urinarum
663 1745 871 1898 obbrvnro,
901 1840 941 1890 ut
976 1827 1097 1896 mirum
1132 1822 1504 1922 srtHipp.bypostas1n
1537 1827 1627 1894 Ana·

238 1915 341 1982 rionis
367 1917 516 2012 pleurisin
540 1919 682 2011 judicaile
714 1920 764 1990 die
786 1919 933 1998 vieefimo
961 1937 1132 2014 tamquam
1164 1917 1285 1992 futurae
1317 1916 1428 1992 solutis
1454 1945 1511 2010 34.
1546 1921 1630 1991 indi·

237 2033 331 2092 cem,
359 2035 397 2092 ut
422 2019 503 2089 mihi
526 2015 729 2118 persuadeam
751 2014 870 2090 febrem
892 2016 1075 2088 essentialem
1102 2017 1218 2095 finisse,
1240 2022 1330 2102 cujus
1352 2037 1450 2096 nora,
1473 2023 1511 2088 dr
1535 2020 1629 2090 index
1771 2031 1776 2038 ’

237 2110 302 2191 sssts
326 2137 390 2188 non
414 2137 519 2190 tamen
544 2125 578 2190 in
603 2112 770 2190 affectibus
796 2117 968 2186 thoracicis
993 2115 1202 2208 negligenda,
1236 2111 1286 2184 sed
1311 2119 1344 2186 in
1372 2115 1537 2186 Anarione
1561 2117 1628 2188 haec

205 2245 209 2259 =
236 2205 299 2280 fuit
323 2209 537 2288 obirnnda.
563 2218 605 2286 Et
631 2216 671 2286 fic
695 2233 733 2286 ur
759 2213 959 2286 conciliemus
984 2214 1163 2284 Fernelium
1186 2235 1263 2284 curn
1291 2214 1413 2284 Galeno
1436 2236 1544 2285 revera
1570 2215 1630 2308 hy-

236 2307 365 2401 poliafis
388 2313 432 2382 eli
458 2336 528 2410 perr
552 2331 611 2384 out
636 2315 773 2386 materie
797 2306 945 2382 morbum
981 2313 1057 2386 odiu
1090 2312 1344 2390 committentis,
1375 2330 1435 2382 rut
1466 2306 1630 2398 cujuldcm

238 2399 319 2476 succi
343 2412 434 2482 crudi
456 2413 515 2505 qui
542 2404 693 2486 morbum
717 2407 821 2484 moue
844 2409 972 2509 potest.
1003 2410 1049 2482 Er
1071 2427 1153 2484 tunc
1173 2433 1282 2505 quum
1317 2429 1449 2507 apparet
1474 2410 1632 2504 significet

235 2524 390 2581 naturam
414 2513 460 2582 ita
482 2513 626 2589 vincere,
648 2529 689 2584 ut
711 2534 777 2586 non
801 2511 901 2583 modo
923 2509 1113 2582 alimentum
1134 2510 1285 2581 conficiat
1308 2555 1319 2586 ‚
1353 2506 1402 2579 sed
1429 2515 1463 2579 δι
1486 2508 1629 2580 crudum

237 2596 366 2674 succum
392 2609 601 2702 aggrediatur
616 2636 628 2676 .·
654 2610 764 2697 Hujus
797 2607 1000 2704 aggredionis
1031 2607 1161 2702 iignum
1191 2609 1260 2680 edit
1285 2605 1486 2704 hypostasu-
1530 2608 1630 2680 Unde

234 2717 306 2772 ram
329 2699 443 2778 erebro
465 2708 601 2780 dicimus
623 2709 813 2783 alimentum
835 2709 909 2778 darc
933 2732 998 2778 non
1022 2727 1196 2804 oportere,
1229 2727 1268 2777 ut
1300 2726 1418 2778 natura
1450 2703 1567 2779 crudos
1590 2708 1628 2777 dt
1768 2726 1796 2754 ³²·

237 2797 423 2876 morbifitos
445 2806 596 2878 humores
617 2812 744 2886 vincar,
765 2826 807 2878 ur
830 2821 967 2902 coquat,
991 2811 1025 2888 δι
1045 2828 1159 2876 nomen
1181 2797 1312 2880 viltor,
1327 2805 1358 2864 ἃ
1378 2801 1527 2880 rrraeonu
1550 2804 1632 2877 ridi·

235 2899 311 2970 cule
335 2907 369 2972 dc
395 2923 558 3005 perperam
582 2909 821 3003 usurparetur,
854 2907 910 2976 nifi
934 2907 1065 2976 materia
1087 2897 1254 2978 morbifico
1286 2909 1385 3001 coqui
1409 2924 1446 2976 ac
1467 2899 1630 2975 mirificari

238 2996 422 3073 diceretur.
452 3004 522 3075 Nec
546 3025 703 3103 oporteret
727 3006 862 3077 statuere
885 3004 988 3075 ullam
1012 3004 1193 3089 humorum
1216 3001 1411 3076 cruditatem
1438 3026 1447 3067 r
1473 2998 1633 3076 neratde

236 3095 390 3198 deceptus
414 3102 457 3173 eli
482 3104 636 3175 iernelius
662 3113 696 3175 in
719 3100 840 3183 morbis
863 3094 982 3176 biliofis
1006 3100 1098 3193 quod
1123 3095 1355 3173 cohibitionem
1380 3100 1564 3198 putredinis
1584 3098 1636 3174 vi·

231 3194 311 3265 deat
337 3195 413 3295 sepe
439 3201 534 3271 finem
561 3199 675 3273 morbo
700 3207 861 3299 imponere
883 3224 894 3269 r
920 3196 1013 3271 idest,
1037 3201 1102 3271 vim
1130 3194 1233 3269 morbi
1260 3200 1450 3270 retundere:
1475 3220 1553 3271 nrm
1579 3204 1634 3268 in·

236 3299 366 3365 numeri
389 3298 539 3369 ridentur
561 3294 607 3368 ab
630 3320 725 3370 acuto
748 3292 864 3370 morbo
898 3292 1023 3367 liberati
1046 3290 1093 3365 ob
1118 3300 1300 3391 orgnlmum
1323 3296 1491 3397 reptcilum
1517 3297 1633 3393 depo·

237 3395 393 3465 credinem
414 3390 613 3473 cohibitam,
637 3416 697 3487 aut
719 3397 898 3468 incendium
926 3396 1136 3487 mitigatum,
1169 3401 1231 3491 qui
1265 3414 1465 3467 tamennon
1489 3394 1637 3467 conuale-

241 3485 354 3572 scunt,
379 3494 478 3565 donec
502 3495 601 3567 decies
626 3514 684 3567 aut
704 3519 746 3565 eo
768 3494 841 3593 plus
864 3488 963 3577 ducta
988 3494 1026 3563 'stt
1050 3493 1173 3567 aluus.
1211 3494 1305 3567 Tunc
1329 3520 1348 3567 e
1373 3493 1455 3565 lietu
1479 3486 1635 3578 insalubri

239 3590 274 3657 in
301 3611 450 3664 neutrum
474 3599 585 3682 conjici
611 3595 763 3666 videntur
787 3615 799 3663 r
825 3616 880 3665 net
905 3596 989 3661 enim
1012 3595 1135 3687 integre
1160 3584 1244 3673 sarni,
1266 3618 1323 3673 nec
1346 3597 1424 3685 aegti
1440 3590 1633 3661 creduntur.

237 3684 341 3758 Porro
364 3692 440 3761 illud
464 3692 508 3761 est
535 3694 624 3764 valde
648 3692 827 3765 notandum
861 3690 952 3785 quod
985 3711 1060 3762 urite
1091 3690 1230 3762 diximus
1263 3688 1441 3783 aliquando
1467 3691 1501 3759 in
1537 3692 1629 3781 agric

235 3784 388 3859 humores
412 3793 568 3885 qualitate
591 3810 740 3889 peccate,
763 3790 941 3885 aliquando
962 3790 1166 3883 quantitate,
1190 3788 1265 3862 alias
1279 3786 1436 3882 malignos
1460 3786 1517 3857 eise
1531 3832 1541 3861 ,
1555 3787 1634 3857 alias

233 3888 371 3961 crudos.
399 3889 539 3977 Maligni
563 3890 650 3966 baud
676 3886 829 3985 hypoliaii
854 3894 1016 3959 materiam
1041 3888 1150 3964 dant,
1185 3882 1295 3959 sedin
1320 3885 1368 3957 bis
1392 3882 1507 3958 sufficit
1529 3904 1635 3963 enro-

236 4002 349 4053 rema.
380 3988 416 4053 ln
440 3989 546 4059 trudis
570 4008 697 4061 contra.
722 3992 763 4057 Er
786 3986 931 4059 videmus
955 3980 1007 4060 eos
1031 3991 1090 4079 qui
1124 3979 1237 4059 multis
1269 3984 1375 4057 crudis
1409 3980 1506 4055 loccis
1526 3975 1635 4053 ubun-

238 4080 340 4161 dant,
361 4105 448 4175 quos
471 4106 585 4163 natura
607 4112 673 4163 non
697 4093 782 4179 regit
806 4104 977 4179 antequam
1003 4086 1119 4155 cadant
1153 4088 1187 4153 in
1221 4079 1372 4158 morbum
1397 4080 1532 4154 cecidere
1556 4093 1634 4152 eon-

236 4177 315 4251 sure
341 4175 414 4251 sunt
438 4188 558 4265 urire,
581 4180 708 4279 sanguis
733 4188 856 4282 putris,
881 4180 993 4265 imtens
1019 4178 1115 4253 sudor
1149 4188 1184 4254 dr
1218 4183 1359 4254 multus.
1385 4183 1418 4253 Si
1443 4184 1574 4253 materia
1599 4182 1635 4252 in

237 4303 332 4352 venas
357 4276 568 4362 refundatur,
593 4290 627 4353 dc
653 4304 739 4355 tenes
765 4300 926 4381 appetat,
951 4280 1122 4379 hypostasis
1145 4280 1246 4355 multa
1272 4283 1339 4359 lit,
1373 4279 1494 4355 &bac
1529 4278 1635 4351 multa

236 4399 358 4451 exerere
382 4378 487 4453 rann
513 4378 755 4461 conualcstunt.
781 4388 888 4476 Atque
913 4384 998 4453 venit
1025 4382 1103 4451 mihi
1138 4403 1222 4453 nune
1246 4384 1279 4450 in
1315 4395 1450 4453 mentem
1476 4399 1533 4452 cut
1557 4372 1636 4475 saepe

235 4500 410 4553 enaeorsma
435 4476 589 4554 sufficiat.
616 4484 694 4557 Huc
712 4488 801 4554 ratio
825 4474 1000 4578 probabilis
1034 4480 1164 4553 videtur
1196 4496 1308 4576 preter
1342 4481 1417 4553 alias
1441 4475 1637 4550 adducitur

239 4579 383 4651 Materia
406 4576 575 4655 morbiiica
601 4606 666 4657 non
689 4602 757 4651 uno
780 4580 876 4651 modo
902 4578 1118 4663 excluditote
1152 4572 1327 4673 aliquando
1360 4598 1415 4677 pet
1449 4572 1563 4651 ulrum
1588 4568 1662 4643 so·'

240 4676 338 4754 lum,¹
354 4676 535 4769 aliquando,
559 4700 613 4777 per
638 4683 769 4756 urinas,
793 4678 970 4773 aliquando
994 4700 1049 4776 per
1073 4676 1357 4755 hrmorrhoidas,
1390 4676 1467 4749 alim
1492 4694 1547 4770 per
1571 4666 1637 4741 hae-

238 4775 459 4865 morthagiars
484 4780 574 4871 quod
601 4783 635 4852 δι
661 4798 735 4852 unte
760 4774 925 4851 diximus.
958 4775 1046 4874 Saepe
1071 4777 1240 4873 multiplex
1271 4776 1439 4849 evacuatio
1463 4791 1570 4846 unum
1597 4772 1635 4839 dc

237 4873 384 4943 eumdem
412 4871 563 4951 morbum
589 4871 707 4955 solvit,
747 4870 875 4957 sudor,
911 4876 975 4951 alvi
1001 4870 1203 4971 profluvium
1228 4922 1240 4955 ‚
1264 4871 1516 4962 hemorrbagim
1547 4888 1639 4937 mens

236 4970 319 5045 fium
343 4970 507 5057 irritatio,
528 4977 565 5043 dr
583 4976 615 5047 id
637 4990 739 5081 genus
765 4976 857 5049 alia·
897 4975 1042 5051 Maxime
1075 4975 1108 5049 id
1131 4983 1238 5051 evenit
1262 4996 1369 5068 quum
1396 4990 1415 5043 a
1441 4964 1640 5132 pleniprciint

1344 5113 1347 5119 -
1459 5087 1530 5138 mor
1556 5088 1576 5135 u
