4434 6000
603 557 654 616 aa
835 535 1126 618 cutirtnr
1162 531 1447 606 nnrronn
1483 535 1676 622 traua.

380 701 484 783 §iuriis
498 719 540 760 co·
557 679 699 754 dubium
718 683 756 752 srt
776 689 857 776 quin
877 685 971 773 hujus
987 691 1032 756 rei
1054 681 1187 774 diligens
1203 678 1338 773 quaestio
1354 681 1479 751 Galeno
1495 683 1636 752 multum
1669 678 1790 772 negotii
1806 673 1962 782 ‘dederim

382 785 421 840 ior
439 787 467 840 sn
482 799 544 841 um
564 787 680 872 &ejus
699 797 834 853 mentem
855 789 888 854 in
906 787 1006 855 varias
1027 802 1128 880 partes
1142 783 1288 848 traxerit.
1314 780 1413 849 Porro
1430 803 1536 874 quum
1555 801 1678 850 natura
1695 778 1865 847 mulierum
1888 801 1966 848 me·

385 856 546 958 disvestit,
568 885 718 960 mineris,
742 880 871 954 videtur
886 879 942 952 abs
959 904 992 951 re
1010 881 1158 950 colorum
1178 899 1311 972 quoque
1343 879 1540 949 meminilie.
1575 880 1635 950 Sed
1660 898 1699 948 ut
1717 873 1827 946 artifex
1856 870 1962 946 sensui

385 941 555 1100 muz„
571 981 721 1052 addidius
738 981 905 1054 universali
923 1000 1044 1051 natutae
1061 975 1252 1076 insptfflone
1268 995 1433 1050 contentus
1461 1002 1527 1047 non
1546 976 1616 1058 est,
1650 972 1697 1046 sed
1715 976 1903 1072 peculiarem
1924 980 1990 1045 in'

391 1120 418 1162 a
448 1106 551 1181 deliras-
571 1081 714 1150 colorum
732 1071 948 1156 observatione
964 1085 1118 1150 rationem
1136 1071 1254 1146 habet.
1273 1081 1379 1168 ¹Quod
1398 1073 1524 1147 duabus
1540 1077 1694 1146 decausis
1721 1073 1890 1171 ptaeslmile
1907 1079 1962 1145 si·

391 1191 449 1245 cir.
572 1175 623 1250 sus
645 1177 715 1248 est.
750 1178 799 1250 Ac
819 1185 906 1281 prius
924 1181 1059 1273 quidem
1076 1194 1117 1246 ut
1144 1175 1321 1246 humorum
1349 1178 1532 1248 dominatus
1563 1172 1794 1267 dignoscatur,
1817 1174 1966 1243 didante

393 1275 536 1363 hiw-
572 1281 791 1376 Hippocrate,
816 1274 1122 1350 consentancum·est
1138 1275 1233 1345 taleni
1254 1275 1311 1345 ede
1337 1280 1477 1371 corporis
1498 1272 1764 1352 tolerationem,
1798 1273 1894 1364 quale
1917 1270 1968 1341 est

388 1348 552 1484 {²²}''·4·¹·
572 1379 789 1454 alimentum,
827 1377 903 1446 idest
937 1371 1044 1444 succus
1069 1378 1101 1442 in
1129 1379 1216 1443 venis
1248 1392 1444 1454 contentus,
1474 1379 1511 1444 &
1540 1392 1681 1443 contra·
1714 1377 1757 1444 Et
1788 1370 1854 1440 alio
1888 1369 1969 1440 loco

416 1443 499 1562 ῬΖ
570 1471 603 1535 «δ
622 1473 729 1552 κρόιυι
750 1473 789 1532 ⁷³
806 1472 908 1552 χυμοῦ
926 1467 1000 1543 ⁶⁹⁹².
1028 1471 1183 1541 Posterius
1211 1491 1319 1539 autem
1347 1491 1387 1556 ut
1403 1497 1441 1542 ert
1456 1474 1563 1542 colore
1585 1473 1625 1542 de
1642 1467 1783 1541 moribus
1807 1474 1844 1539 lit
1862 1472 1972 1539 totius

396 1553 551 1651 tiburim·
572 1579 712 1668 corporis
748 1567 890 1648 habitu,
924 1594 1021 1666 quent
1048 1565 1128 1650 isati
1148 1564 1175 1644 'a'
1195 1563 1246 1643 ‘'s''
1272 1574 1487 1668 Hippocrates
1511 1589 1632 1649 vocat,
1670 1571 1793 1666 liquido
1817 1566 1970 1639 conllate

396 1668 489 1730 morib.
511 1677 543 1730 vi
575 1669 684 1770 pollit.
712 1672 810 1742 Unde
830 1695 939 1743 verum
959 1673 1038 1740 illud
1054 1718 1066 1748 ,
1082 1672 1224 1740 mulieres
1244 1663 1419 1742 subalbidae
1437 1665 1715 1739 humidioressunt
1731 1667 1966 1745 'fludnrmtsc

398 1752 513 1864 doyens,
527 1753 555 1807 ³⁰
576 1773 675 1864 nigrae
695 1771 848 1864 flavaque
867 1769 1010 1839 duriores
1026 1795 1061 1840 ac
1076 1770 1310 1841 adstridiiores.
1345 1773 1387 1839 Et
1403 1793 1440 1839 ex
1459 1763 1608 1856 glabritie
1625 1787 1684 1838 ant
1706 1771 1846 1864 pilorum
1864 1761 1972 1836 abun·

370 1919 372 1924 ·
399 1833 559 1974 mihi
576 1871 685 1939 dantia
703 1872 742 1940 de
762 1873 1015 1968 temperamentis
1032 1868 1239 1958 judicandum
1260 1863 1359 1936 censet
1379 1870 1536 1938 Galenus.
1561 1869 1662 1939 Nunc
1678 1889 1783 1936 autem
1799 1858 1867 1943 mi
1885 1859 1976 1927 δᾶν

399 1927 559 2048 aaudiat.
579 1971 701 2063 aliquid
719 1970 833 2038 litteris
851 1971 992 2040 mandari
1012 1968 1133 2068 potest,
1156 1989 1263 2059 quum
1278 1990 1350 2035 anon
1380 1991 1497 2066 parum
1519 1963 1632 2037 reserat
1656 1967 1736 2063 quid
1762 1967 1823 2035 hoc
1841 1967 1974 2039 nomine

397 2089 476 2130 ‘fut-
580 2068 654 2142 velit
674 2068 882 2166 Hippocrates
910 2067 991 2140 sorte
1010 2082 1114 2162 quutn
1133 2071 1180 2126 ou
1203 2065 1266 2126 δεῖν
1296 2059 1479 2142 ’isumus
1502 2069 1665 2147 meminit,
1690 2066 1777 2134 aliud
1809 2063 1888 2133 nihil
1912 2087 1975 2135 ex.

401 2157 476 2230 rap.
494 2149 515 2208 ¹·
531 2151 563 2208 ³²
581 2163 685 2267 preliit
702 2191 801 2264 quam
823 2169 913 2262 quod
930 2162 973 2238 ab
993 2167 1089 2238 Arist.
1112 2167 1234 2239 didam
1255 2160 1327 2245 cll,
1363 2161 1409 2234 sol
1427 2171 1461 2235 δι
1474 2166 1575 2234 homo
1602 2165 1763 2235 hominem
1789 2183 1975 2258 generant.

400 2233 551 2393 23ῑῇἷῇζρ
581 2268 728 2340 Nomine
746 2260 817 2326 ann
835 2262 932 2338 solem
956 2269 1249 2366 comprehendens,
1273 2267 1402 2334 nornine
1425 2261 1549 2339 awa&
1577 2310 1589 2346 ,
1620 2267 1781 2334 hominem
1806 2309 1816 2339 ,
1853 2258 1903 2331 sed
1929 2269 1981 2338 de

402 2408 500 2470 cape.
508 2355 560 2457 1,ιῖ
582 2362 770 2441 mulieribus
785 2365 918 2464 expresse
936 2367 1061 2438 didlum
1079 2367 1124 2436 est
1141 2361 1186 2435 ob
1199 2387 1250 2434 eas
1272 2387 1346 2458 qua
1365 2383 1439 2434 ante
1454 2366 1612 2462 explicata
1631 2360 1724 2441 sunt,
1736 2358 1858 2433 causas.
1883 2363 1977 2464 Hip.

401 2489 508 2552 πωρον.
525 2468 561 2540 ὸ
582 2485 724 2568 portares
741 2489 842 2538 aetem
862 2461 922 2536 sub
944 2469 1071 2536 nomine
1088 2463 1205 2544 ον’ραιιῦ
1219 2463 1476 2558 comprehendit,
1499 2471 1534 2533 δι
1552 2453 1583 2518 ω’
1602 2462 1672 2524 hain
1690 2467 1815 2534 nornine
1834 2455 1854 2520 d
1880 2459 1932 2516 ⁰¹³
1966 2481 1983 2526 e

401 2559 563 2630 W‘W
586 2585 625 2636 ut
641 2569 677 2635 δε
698 2587 751 2635 aer
768 2565 892 2633 dicatur
907 2566 1018 2633 calum
1038 2570 1073 2634 δι
1092 2563 1268 2632 divinum.
1302 2565 1418 2654 Itaque
1446 2585 1550 2654 quum
1578 2555 1775 2640 staupum,
1795 2562 1867 2624 eda
1891 2579 1985 2632 tarn-

399 2631 563 2772 ῊΖΖΥῙ·
587 2687 685 2830 puam
709 2657 835 2732 causam
856 2661 1023 2754 agnoscit,
1056 2661 1170 2731 calum
1196 2680 1363 2752 acremque
1381 2655 1484 2755 ipsum
1515 2662 1689 2756 intelligit,
1712 2669 1801 2751 cujus
1829 2665 1982 2733 maximae

398 2805 476 2870 pm„
486 2796 561 2870 Hipp.
602 2781 661 2833 unt
679 2763 931 2858 opportunitates
949 2767 990 2832 ad
1009 2757 1168 2830 sanitatem
1187 2762 1277 2846 juxta
1294 2779 1332 2827 ac
1351 2753 1521 2830 morbum.
1549 2755 1603 2831 Ab
1621 2757 1726 2832 iisdem
1752 2765 1834 2833 enim
1862 2759 1905 2832 eli
1927 2757 1981 2832 sa·-

403 2891 505 2951 quaem-
589 2865 670 2932 nitas
688 2883 724 2930 ac
744 2852 906 2947 morbus.
945 2861 993 2930 ric
1015 2863 1048 2928 in
1072 2881 1111 2928 eo
1141 2851 1228 2927 sensu
1252 2856 1335 2926 idem
1365 2857 1481 2930 aanor
1514 2861 1574 2932 tria
1602 2857 1790 2933 morborum
1821 2862 1982 2970 principia

404 2971 494 3049 ‘Qui
512 2949 561 3009 '²¹¹'
590 2965 672 3031 mira
691 2979 757 3031 arte
774 2981 809 3029 ac
828 2959 978 3030 methodo
1001 2952 1223 3057 prosequitur,
1248 2955 1453 3040 violentiam,
1478 2960 1706 3056 plenitudinem
1727 2957 1779 3031 seu
1798 2962 1982 3033 hunonnn

406 3032 568 3093 'mmm
591 3055 758 3135 catepani
786 3058 818 3119 &
841 3052 937 3140 vids,
961 3062 1038 3131 item
1055 3062 1090 3131 &
1107 3057 1250 3130 calum.
1278 3056 1329 3127 De
1355 3060 1432 3131 caelo
1457 3062 1500 3130 ita
1520 3058 1610 3132 sentit
1631 3104 1643 3138 ‚
1667 3079 1706 3129 ut
1722 3054 1819 3132 abeo
1842 3053 1979 3130 morbo·

407 3126 574 3267 mxii}
592 3182 665 3231 rum
685 3158 803 3227 occasio
821 3156 964 3233 nascatur
986 3207 996 3237 ,
1020 3182 1125 3254 quum
1152 3180 1225 3253 qua
1251 3180 1272 3227 a
1294 3158 1370 3228 calo
1389 3155 1463 3229 sant
1476 3165 1599 3259 ,inepte
1624 3154 1717 3227 nobis
1739 3159 1988 3231 accommodam

410 3270 504 3329 nalem
527 3292 574 3327 ca·
595 3275 670 3327 tur.
694 3257 796 3347 Quod
818 3250 986 3351 presertim
1013 3257 1052 3320 de
1078 3256 1243 3329 manifestis
1267 3254 1478 3353 qualitatibus
1495 3261 1688 3331 audiendum
1711 3257 1784 3339 tsl,
1818 3253 1994 3353 aquibus

412 3351 513 3430 iillum
529 3350 573 3428 ‘ff‘
596 3376 712 3455 corpus
731 3352 872 3421 nollrurn
898 3354 980 3422 uarie
1000 3349 1161 3425 afficitur,
1185 3370 1223 3417 ut
1242 3361 1277 3419 in
1291 3358 1476 3446 aphorismis
1496 3368 1530 3432 ὰ
1549 3364 1613 3432 alio
1630 3362 1703 3431 loco
1725 3358 1832 3456 pallini
1850 3359 1991 3427 demon·

415 3446 535 3531 sm·
597 3451 809 3526 linconen.
840 3452 942 3519 lmruo
962 3471 1089 3518 morum
1110 3446 1297 3516 nonnullam
1313 3447 1567 3523 informationem
1590 3454 1634 3524 ab
1655 3451 1722 3550 ipso
1746 3457 1824 3527 tado
1848 3478 1886 3526 ac
1910 3480 1994 3527 aere

414 3512 573 3648 {ffin'm
599 3558 678 3651 petit
705 3550 864 3625 Galenus,
891 3548 997 3619 multis
1020 3546 1154 3616 efficiens
1177 3548 1374 3639 argumentis
1398 3552 1536 3645 corporis
1560 3566 1843 3643 temperamentum
1879 3576 1995 3627 mores

416 3672 446 3735 ,A
474 3634 541 3737 aa„
598 3648 706 3745 sequi.
735 3649 837 3747 Qud
860 3646 940 3719 idem
961 3640 1091 3715 duobus
1109 3641 1171 3712 suis
1191 3648 1349 3742 principiis
1365 3652 1439 3743 igne
1457 3652 1492 3716 dt
1518 3666 1604 3740 aqua
1630 3644 1785 3737 ingeniose
1811 3649 1997 3723 adumbra.

416 3763 580 3835 explicatur.
601 3755 648 3825 vit
669 3750 899 3844 Hippocrates.
925 3750 1092 3839 Quoniam
1122 3761 1227 3813 autem
1253 3750 1286 3812 in
1311 3751 1501 3816 mentionem
1533 3734 1608 3824 apl
1621 3737 1705 3805 disti
1729 3746 1914 3826 incidimus,
1939 3768 1995 3821 ta.

424 3842 499 3919 ffill·
514 3840 534 3897 ¹·
550 3864 583 3915 ie
602 3850 689 3919 metsr
708 3842 751 3915 ab
771 3845 913 3917 histituto
931 3840 1209 3924 cursudeliediere
1229 3844 1416 3926 videamur,
1442 3870 1507 3915 non
1525 3846 1666 3916 alienum
1683 3864 1788 3914 tamen
1806 3852 1867 3914 erit
1888 3849 1996 3944 pluria

417 3917 582 4055 amm·
603 3943 666 4018 bus
684 3948 715 4017 id
732 3946 906 4043 explicate.
932 3944 1007 4030 Jam
1024 3948 1111 4016 enim
1133 3942 1386 4017 demonstratum
1410 3940 1445 4008 ol
1465 3946 1537 4007 usin
1561 3948 1594 4015 in
1618 3946 1786 4015 hominum
1811 3950 1995 4040 generatio-

420 4018 581 4155 ,mgb
604 4070 677 4117 nem
703 4070 739 4115 ac
768 4037 1033 4117 conservationem
1062 4063 1277 4114 concurrere:
1305 4047 1384 4116 ltem
1417 4052 1452 4117 dt
1470 4048 1608 4121 caium,
1643 4046 1735 4139 quod
1758 4070 1822 4115 non
1848 4051 1994 4142 inepte,

418 4154 440 4218 i.
459 4126 578 4233 ism,
605 4140 630 4207 d
651 4142 693 4219 ni
712 4136 778 4219 sd,
804 4143 1119 4242 comprehenditur,
1151 4167 1256 4214 unum
1290 4144 1347 4213 else
1379 4168 1417 4215 ex
1452 4140 1643 4214 morborum
1675 4148 1868 4242 principiis:
1904 4168 1995 4215 nunc

421 4234 498 4299 iocis.
603 4251 707 4339 quari
733 4252 859 4343 optimo
883 4250 949 4332 jure
977 4243 1073 4341 potesl
1097 4266 1140 4314 an
1175 4243 1258 4313 illud
1283 4234 1359 4301 diist
1377 4245 1467 4337 quod
1500 4250 1588 4341 prius
1611 4267 1795 4315 concurrere
1821 4245 1957 4314 diximus
1982 4292 1998 4326 ,

422 4326 454 4377 ¹⁸
468 4320 490 4417 l·
509 4326 585 4423 ,Μ
604 4350 670 4418 vim
696 4343 837 4435 aliquam
859 4336 1052 4413 nanciscatur
1076 4349 1111 4412 in
1136 4338 1258 4411 morbis
1282 4362 1342 4413 aut
1367 4344 1575 4439 producendis
1599 4386 1610 4418 ‚
1635 4362 1693 4413 aur
1718 4346 1908 4437 gignendis,
1934 4366 1995 4416 aue

422 4418 583 4541 am*
603 4442 833 4515 occultandis.
874 4442 1022 4510 Vidimus
1055 4446 1138 4511 enim
1170 4442 1376 4534 digladiantes
1408 4466 1444 4514 ea
1479 4444 1518 4512 de
1542 4442 1774 4522 re‘aut‘lores,
1806 4468 1863 4512 nec
1887 4442 1996 4516 adhue

418 4522 532 4635 rasta.
549 4568 583 4628 a,
603 4548 774 4639 quisquam
800 4542 882 4609 hanc
904 4542 1146 4613 controversam
1174 4541 1325 4611 diremit.
1365 4544 1413 4611 ilc
1437 4564 1476 4612 eo
1500 4544 1634 4612 maxime
1658 4542 1787 4610 confilio
1812 4544 1852 4611 de
1882 4543 1995 4614 divino

424 4644 491 4707 diae.
604 4644 761 4739 agendum
789 4660 970 4736 putamus,
1003 4642 1095 4733 qnod
1114 4660 1201 4708 certo
1224 4643 1408 4712 noverimus
1440 4646 1522 4712 inter
1556 4631 1785 4736 disputandum
1811 4642 1852 4710 dc
1875 4638 1997 4714 morbis

422 4733 505 4791 ΨΜ·
527 4732 558 4789 ‘'l’
604 4742 797 4815 mulierum,
822 4734 966 4809 oblat'uni
992 4732 1031 4809 iii
1055 4741 1242 4807 occasionem
1266 4741 1429 4833 quarendi
1446 4734 1518 4815 ‘trel
1528 4731 1624 4817 θύω,
1649 4738 1742 4833 quod
1756 4736 1837 4811 sorte
1853 4734 1998 4834 disputa·

422 4818 441 4883 s
443 4827 483 4861 ²*
494 4832 510 4873 ⁷
513 4812 549 4869 d.
561 4831 582 4875 ¹·
604 4832 700 4911 tionis
725 4859 801 4908 tunc
826 4837 977 4910 inllirutae
1002 4839 1092 4908 lilurn
1114 4838 1260 4908 irrideret
1279 4862 1317 4908 ac
1343 4844 1582 4937 interrumperet
1603 4888 1611 4905 .
1646 4838 1719 4909 Nee
1750 4847 1834 4911 enim
1866 4830 2001 4911 dubita.

421 4906 555 5009 ΜΨ
606 4960 679 5009 mus
704 4942 736 5005 in
762 4938 938 5007 multorum
967 4934 1126 5007 mentibus
1143 4938 1328 5033 jampridem
1349 4942 1530 5036 opinionem
1562 4941 1644 5012 nanc
1670 4937 1847 5012 inveterasse
1865 4957 1902 5006 ac
1919 4956 1998 5010 corr

609 5030 768 5115 eucine,
792 5036 882 5127 qnod
902 5059 940 5109 ex
966 5031 1088 5139 morbis
1106 5041 1167 5133 qui
1192 5060 1292 5132 genus
1311 5032 1465 5112 muliebre
1482 5060 1622 5141 exercere
1646 5033 1766 5142 solent,
1790 5036 1935 5150 plerique
1946 5039 2002 5151 ¹di·

920 5162 927 5171 ·
1889 5156 1957 5214 utut
