4434 6000
259 745 969 924 GULIELMUS
1027 589 1649 940 BALLONlliS

343 1041 661 1212 Douos
693 1046 1061 1220 Medicus
1094 1055 1536 1230 Parifienfis

477 1375 629 1486 AD
722 1383 1440 1516 LECTOREM.

356 1720 504 1783 ,a
600 1678 635 1767 Ε
671 1679 830 1771 mirum
862 1679 912 1769 stt
943 1677 1075 1768 sthoc
1113 1684 1314 1800 inopere
1349 1688 1514 1780 vatium
1553 1693 1647 1782 scri·

282 1794 558 1923 4544ss
623 1795 748 1884 bendi
779 1827 909 1914 genus
932 1797 1060 1884 secuti
1078 1797 1285 1888 fuerimus
1309 1806 1436 1893 salias
1459 1811 1648 1917 elatum,

281 1900 315 2031 pff
332 1915 415 2057 24
442 1924 501 2047 ”⁴54
618 1915 894 2004 aliashumile
905 1974 920 2016 2
939 1917 1506 2038 mediumtempetatumque
1521 1930 1647 2032 alias,

334 2014 472 2139 ‚ciffi
527 2036 558 2117 7
623 2060 710 2123 ono
738 2033 1055 2148 circumscripto
1079 2038 1257 2125 minime
1280 2047 1482 2127 contenti.
1513 2043 1600 2131 Res
1620 2073 1649 2132 a

346 2143 561 2271 ηιξ
624 2149 953 2266 nobissuscepte
984 2151 1113 2255 hujus
1132 2157 1346 2242 varietatis
1363 2159 1520 2246 occafio
1545 2159 1649 2249 fuit.

441 2264 480 2271 ”’
624 2267 745 2354 Nam
784 2299 919 2385 quum
942 2267 1044 2384 sape
1065 2270 1419 2387 scriptoris,sa:pe
1446 2279 1648 2395 interpre-

251 2386 306 2470 tis
321 2447 335 2491 ,
367 2412 443 2477 aut
472 2387 514 2472 in
532 2386 767 2474 dirimenda
794 2389 1018 2474 ausimum
1045 2388 1325 2475 controuersia
1357 2391 1551 2480 honorati
1585 2422 1649 2482 ar-

252 2505 355 2590 bitri
378 2531 511 2622 partes
537 2527 775 2608 teneamus,
792 2507 1015 2590 verborum
1034 2507 1233 2596 eumdem
1253 2505 1544 2626 alueumscqui
1564 2540 1650 2599 non

252 2623 336 2709 fuit
359 2625 481 2710 satis.
513 2619 655 2716 lrnmo
676 2651 749 2708 nec
777 2626 885 2736 potis
912 2621 995 2708 fuit
1023 2621 1254 2738 praesertim
1283 2628 1401 2713 nobis
1427 2657 1573 2741 parum
1602 2628 1647 2713 li·

253 2743 381 2826 matis
400 2746 446 2830 lit
467 2741 648 2827 disertis.
682 2741 809 2853 Quod
837 2739 865 2824 s1
886 2743 1015 2827 etiam
1032 2738 1251 2829 suauitatis
1274 2742 1508 2859 leporisque
1532 2747 1648 2832 Atti·

250 2858 289 2940 ci
316 2859 534 2945 non-nihil
553 2859 861 2970 attigissemus,
900 2858 979 2944 hoc
1009 2861 1082 2943 vix
1106 2859 1254 2972 scripta
1287 2861 1374 2945 hac
1396 2869 1528 2950 nollra
1544 2891 1642 2950 con·

251 2973 342 3062 dire
367 3001 416 3062 ac
433 3000 667 3089 temperare
692 2976 957 3091 potuissemus
977 3005 994 3059 e
1020 3004 1070 3061 ac
1089 2977 1313 3091 presertim
1333 3005 1469 3090 quum
1486 2981 1642 3065 oratio·

253 3093 317 3178 nis
336 3096 478 3183 cursus
496 3093 602 3209 saepe
628 3092 789 3181 sistatur
816 3095 864 3184 ὅ(
886 3096 1197 3206 intercipiatur,
1228 3094 1475 3194 additione,
1503 3092 1643 3180 detra·

252 3206 426 3314 ctione,
464 3236 515 3296 ac
539 3214 811 3299 obscurarum
841 3212 1074 3297 disiionum
1107 3203 1406 3317 explicatione.
1454 3207 1636 3323 Qtodli

251 3330 453 3415 eumdem
471 3327 636 3415 sensum
660 3350 916 3420 teneremus,
946 3320 1156 3403 venustate
1180 3318 1354 3407 fortallis
1380 3327 1522 3440 aliqua
1541 3358 1632 3415 ora.

250 3442 411 3531 tionem
435 3444 573 3557 paullo
593 3444 841 3551 asperiorem
868 3434 1190 3550 rusticitatimue
1215 3438 1440 3549 pleniorem
1470 3472 1633 3530 ornare·

249 3586 348 3647 mus
363 3588 413 3645 ac
430 3560 679 3643 leniremus.
714 3552 907 3637 Maxime
937 3580 1036 3637 vero
1067 3554 1109 3635 in
1141 3553 1316 3639 salebras
1339 3559 1433 3647 illas
1449 3560 1630 3647 adduxit

251 3676 398 3762 Graeca
416 3699 607 3761 veterum
634 3672 772 3757 oratio
798 3696 890 3783 quet
915 3668 1047 3753 latina
1079 3665 1272 3755 faciunda
1301 3670 1382 3761 fuit
1413 3702 1464 3760 ac
1492 3679 1633 3762 nolito

248 3792 601 3878 accommodanda
623 3789 828 3873 instituto.
858 3788 910 3871 ln
929 3812 1009 3898 qua
1027 3786 1248 3874 ausimum
1268 3790 1530 3877 seruiendum
1549 3793 1634 3879 suit

249 3909 479 4007 sententiat,
510 3907 560 3993 ὅ(
588 3906 739 4018 lingua
761 3906 1033 4017 proprietati.
1077 3902 1141 3989 At
1168 3933 1313 3992 omnes
1338 3908 1451 3995 docti
1478 3932 1634 3996 norunt

253 4026 456 4140 quamsit
490 4024 710 4125 arduum,
740 4044 786 4106 ut
810 4048 901 4133 quae
930 4023 974 4105 in
1004 4019 1141 4105 aliena
1171 4026 1466 4142 peregrinaque
1491 4024 1632 4139 lingua

253 4142 358 4227 bene
381 4144 672 4255 eleganterque
690 4138 801 4224 diua
820 4138 915 4223 suut
925 4199 940 4241 ,
967 4140 1168 4246 eumdem
1183 4140 1375 4227 decorem
1394 4141 1632 4231 conservent

255 4258 294 4341 in
313 4261 495 4344 alienam
514 4260 697 4370 linguam
716 4256 920 4341 translata
940 4318 949 4339 .
979 4249 1195 4345 Immo'D.
1222 4260 1506 4363 Hieronymus
1528 4260 1635 4373 saepe

256 4371 450 4461 Tullium
480 4378 531 4460 in.
553 4366 690 4487 graecls
715 4373 854 4459 latinis
880 4370 1079 4457 faciundis
1110 4370 1240 4458 lufille
1264 4398 1434 4464 tantum
1462 4374 1635 4481 scribit,

260 4490 535 4606 Atticumque
559 4494 740 4607 leporem
768 4490 815 4579 lit
832 4490 1079 4601 gravitatem
1101 4487 1207 4576 tersa
1224 4490 1322 4595 suu,
1347 4492 1554 4594 rotunda,
1582 4520 1633 4580 ac

259 4610 460 4696 concinna
478 4610 759 4695 orationc'vix
782 4608 1010 4693 assecutum
1034 4604 1173 4707 fuisse,
1201 4610 1315 4723 quod
1334 4608 1395 4693 illi
1414 4611 1635 4699 necessario

259 4720 432 4812 aliorum
454 4726 665 4811 sententiae
691 4724 787 4810 esset
817 4722 1110 4817 serviendum.
1146 4723 1214 4808 Sic
1244 4724 1402 4812 flumen
1433 4725 1534 4811 illud
1561 4754 1633 4811 au·

262 4864 379 4927 teum
417 4870 464 4929 ac
484 4841 683 4956 aequabile
711 4842 885 4929 hominis
902 4863 1121 4927 oratorum
1139 4840 1350 4957 principis,
1378 4842 1570 4955 felicique
1589 4841 1637 4927 il·

261 4952 466 5048 losacolo
494 4963 575 5047 nati
597 4964 635 5047 in
653 4986 735 5081 quo
755 4958 961 5047 Romanae
990 4956 1139 5071 linguae
1163 4986 1293 5075 opes,
1322 4982 1567 5047 ornamenta
1584 4984 1637 5047 ac

1137 5100 1165 5159 a
1219 5100 1246 5179 4
1475 5076 1578 5168 diri·
