4434 6000
492 588 1325 668 cunutmtnntrotvmmuau.
1527 621 1565 688 ι,

224 721 304 793 dum‘
337 717 397 792 est.
424 715 570 794 Arabum
596 726 699 820 prince
723 747 736 792 s
760 722 805 806 (st
831 726 928 792 modo
952 729 1017 811 ejus
1040 725 1213 796 auctoritas
1236 725 1273 791 iis
1297 723 1417 820 placeat
1432 725 1491 814 qui
1511 740 1616 816 quum
1632 771 1692 812 m,
1725 773 1761 818 ω

231 843 321 890 nares
344 825 450 890 minus
472 822 636 892 emundas
660 745 819 898 habeant,
843 824 946 892 multa
971 827 1002 890 in
1027 824 1156 894 iliorum
1183 817 1302 918 scriptis
1325 823 1419 892 anilia
1444 827 1479 891 δι
1502 841 1617 892 temere
1638 853 1685 894 rus
1699 831 1735 902 ό·
1750 841 1797 894 ιιι.

227 920 354 992 effutita
378 921 570 1007 asseverent)
589 924 744 992 varietatis
769 917 959 992 morborum
985 924 1017 988 in
1042 917 1232 991 mulieribus
1249 915 1372 992 causam
1398 941 1495 988 unam
1517 943 1618 1014 agno-
1633 914 1798 1008 garpani«.

228 1019 294 1092 vit,
320 1038 472 1090 uterum.
500 1017 553 1089 Est
578 1021 589 1103 (
614 1023 719 1114 inquit
744 1029 755 1105 )
780 1017 913 1090 femineo
938 1025 1043 1113 generi
1069 1040 1141 1115 pars
1165 1043 1259 1099 una,
1284 1039 1417 1090 uterus
1441 993 1741 1129 nimirum,‘⁸²²'2⁴⁸
1772 1067 1792 1133 1*

224 1120 369 1188 omnium
396 1112 584 1188 morborum
622 1123 834 1211 virgineorum
870 1143 905 1189 ac
931 1113 1167 1197 muliebrium,
1191 1119 1388 1189 seminarium
1424 1139 1460 1186 ac
1493 1121 1582 1186 radix
1608 1093 1797 1228 cam·

223 1215 326 1306 Qod
351 1213 481 1288 fortasse
505 1216 680 1287 indistinete
713 1223 746 1286 δι
786 1221 888 1286 minus
914 1211 1120 1312 plausibiliter
1154 1215 1321 1313 praesertim
1353 1219 1440 1305 apud
1478 1219 1716 1290 eruditottltam
1727 1197 1793 1307 ‘sene

222 1321 472 1407 pronuntiatum
499 1315 559 1384 est.
593 1315 796 1386 Mulierculis
821 1318 851 1382 id
877 1317 998 1412 plaeere
1023 1314 1123 1410 potest
1144 1361 1154 1389 ‚
1189 1319 1223 1382 de
1249 1318 1362 1406 ignaris
1389 1313 1541 1384 medicis:
1567 1319 1614 1384 Ex
1638 1317 1759 1370 teneram

223 1405 344 1501 quibus
371 1415 435 1484 illae
461 1415 620 1506 quidquid
645 1411 834 1489 obvenerit,
869 1417 1064 1506 quicumque
1089 1417 1127 1480 stt
1150 1411 1279 1480 affredus
1298 1458 1310 1489 ‚
1345 1413 1392 1479 vel
1417 1423 1513 1481 etiam
1536 1415 1559 1478 sr
1584 1397 1797 1486 inl'mmfa

223 1511 361 1580 minimo
386 1514 489 1605 digito
514 1508 606 1582 staro
631 1511 667 1578 fit
693 1511 834 1603 aliqua,
868 1513 943 1579 mali
969 1511 1131 1580 auctorem
1159 1529 1286 1577 uterum
1312 1513 1541 1586 contendunt,
1566 1510 1616 1577 stl-
1636 1482 1794 1610 mm

224 1630 366 1701 tamque
391 1611 601 1680 remediorum
628 1629 769 1704 paratam
795 1603 912 1678 habent
937 1629 1102 1702 tamquam
1129 1602 1339 1686 πιλᾶχριιιι,
1364 1603 1414 1678 scd
1440 1629 1533 1678 utero
1557 1603 1613 1676 soli
1636 1596 1665 1686 ib
1686 1630 1793 1689 bomine

222 1705 433 1778 dicatorum.
470 1708 517 1776 Hi
541 1730 615 1778 vero
640 1710 741 1798 ignari
766 1707 824 1776 lori
862 1733 925 1776 non
949 1709 1042 1801 longe
1066 1703 1109 1778 ab
1143 1705 1205 1776 illis
1235 1701 1399 1775 fallacibus
1424 1707 1615 1778 mulierculis
1629 1707 1793 1788 seresubfi·

221 1803 430 1882 divertentes,
456 1805 617 1899 quidquid
643 1807 720 1875 mali
745 1815 934 1897 contigerit,
960 1809 1057 1894 hujus
1082 1807 1253 1876 remedium
1281 1797 1323 1874 ab
1348 1829 1416 1874 uno
1438 1811 1526 1875 coitu
1551 1801 1612 1874 fre·
1634 1809 1712 1848 nem.

220 1914 336 1992 quenti
363 1923 527 2002 repetunt,
552 1904 640 1997 quod
667 1908 749 1974 uteri
774 1907 910 1997 languor
935 1913 969 1975 δι
995 1906 1152 1998 neglectus
1175 1906 1282 1974 cultus
1305 1908 1452 1974 omnium
1488 1908 1519 1972 in
1545 1906 1608 1974 vir·

221 1997 352 2094 ginibur
378 2023 435 2076 aut
461 2001 561 2073 viduis
589 1997 778 2072 morborum
804 2000 896 2072 causa
920 2003 976 2073 elle
1001 2007 1166 2076 videatur.
1192 2008 1304 2095 ltaque
1330 2007 1409 2072 uteri
1435 2005 1529 2100 ipsius
1553 2024 1607 2070 ra·
1629 2032 1793 2096 tamum!

220 2103 306 2170 tione
334 2113 433 2174 varias
456 2105 701 2194 agrotationum
727 2099 836 2200 species
861 2105 1052 2196 &imagines
1077 2111 1186 2173 animo
1210 2106 1354 2193 lingunt,
1377 2124 1516 2195 quarum
1534 2100 1608 2168 nul·
1632 2115 1711 2166 nrum

221 2195 253 2266 la
277 2201 310 2268 in
336 2205 412 2272 viris
435 2195 568 2296 conspici
592 2195 717 2276 soleat,
750 2225 823 2270 eum
850 2204 872 2269 ii
897 2219 988 2270 utero
1012 2217 1138 2271 careant
1161 2201 1332 2271 affectuum
1366 2200 1499 2270 istorum
1525 2221 1608 2294 penu
1631 2186 1790 2256 mordean-

223 2321 258 2368 ac
285 2294 470 2370 seminario·
496 2299 599 2378 Quod
626 2319 733 2368 autem
760 2319 871 2368 uterus
888 2295 964 2368 -suar
991 2301 1168 2371 affedionts
1203 2303 1400 2394 proprias&
1427 2298 1608 2369 vernaculas
1626 2267 1682 2348 s*-

221 2393 360 2477 habeat,
385 2401 417 2468 icl
443 2421 534 2466 nemo
559 2401 745 2488 negaverit,
769 2421 873 2491 quum
899 2399 985 2466 nulla
1009 2401 1045 2466 srt
1065 2403 1096 2467 in
1123 2420 1253 2493 corpore
1268 2419 1355 2492 pars,
1378 2421 1452 2490 quae
1475 2420 1495 2466 a
1521 2417 1607 2463 mor-

224 2489 269 2566 bo
291 2493 393 2568 libera
418 2521 453 2565 ac
479 2501 629 2566 immunis
652 2495 708 2564 elle
733 2495 841 2592 poisat.
867 2495 926 2564 Sed
953 2515 1003 2565 tot
1028 2492 1217 2565 morborum
1241 2498 1324 2566 ideas
1349 2516 1441 2565 utero
1472 2498 1530 2564 uni
1556 2490 1604 2562 as·

224 2596 376 2685 fingere,
411 2597 469 2666 hoc
494 2585 650 2672 vivims*
688 2599 721 2662 δι
749 2614 896 2692 portento
928 2595 1024 2664 fimile
1057 2593 1126 2664 rll.
1160 2597 1192 2665 St
1224 2600 1306 2665 enim
1343 2617 1410 2663 mas
1432 2599 1466 2661 dc
1493 2591 1607 2662 semina
1631 2577 1788 2652 ΜΨ·

223 2695 316 2762 nullo
340 2690 514 2766 discrimine
537 2691 770 2786 distinguitur,
795 2695 905 2762 Galeni
931 2688 1102 2768 sententia,
1127 2695 1183 2762 nist
1206 2697 1295 2785 quod
1320 2697 1352 2760 in
1378 2691 1500 2764 feminis
1523 2693 1605 2759 illud
1630 2660 1788 2807 ἒιλὲζζξ

222 2791 319 2862 lateat
344 2795 590 2884 includaturque
621 2793 709 2883 quod
745 2795 778 2860 in
804 2797 878 2862 viris
902 2800 1060 2888 promitur
1086 2817 1121 2861 ae
1145 2795 1278 2869 editur,
1311 2815 1369 2860 cur
1393 2817 1457 2859 nnn
1480 2787 1523 2860 ab
1549 2792 1603 2860 illa
1637 2773 1789 2894 nfde'ulu'

223 2913 313 2988 parte
338 2917 414 2986 quae
439 2897 470 2962 iu
496 2896 569 2964 viris
594 2890 711 2990 prodiit
737 2887 841 2970 foras,
876 2915 1012 2985 quaeque
1037 2891 1234 2988 voluptatis,
1258 2910 1296 2960 ut
1320 2894 1354 2956 δι
1381 2909 1490 2959 uterus
1513 2894 1545 2958 in
1570 2890 1608 2958 il·
1629 2917 1705 2978 pm.

224 2993 289 3073 lis,
315 3012 554 3089 promtuarium
579 2991 743 3083 quoddam
770 2987 843 3067 est,
875 3011 925 3061 tot
950 2984 1138 3060 morborum
1164 3014 1276 3083 genera
1300 2989 1508 3071 derivantur.
1546 2988 1607 3054 Ri-

227 3092 373 3165 diculum
399 3096 483 3162 enim
508 3089 663 3184 estquod
689 3108 799 3159 uterus
832 3112 894 3185 prae
919 3091 985 3159 aliis
1022 3084 1165 3186 partibus
1188 3087 1259 3165 (rin
1276 3080 1473 3153 {armandi
1495 3106 1514 3151 a
1537 3084 1608 3153 Pla·

224 3209 301 3261 tone
325 3192 477 3267 dicatur,
501 3190 591 3282 quod
616 3206 746 3285 appetat
771 3210 824 3283 per
849 3182 936 3262 sese,
970 3193 1004 3255 δι
1030 3182 1133 3281 ipsum
1158 3177 1330 3250 succenseat
1353 3183 1408 3251 nili
1434 3202 1466 3248 re
1489 3203 1609 3250 concu·
1633 3222 1740 3281 Tm

224 3294 289 3385 pita
314 3310 489 3387 optataque
515 3287 799 3382 potiatur.de
825 3306 928 3351 autem
956 3301 1064 3347 uterus
1087 3300 1253 3371 tamquam
1278 3281 1425 3350 animal,
1457 3276 1727 3355 sentiendium,

223 3382 527 3481 concupiscendique
561 3380 707 3451 facultate
742 3380 907 3474 preditum
941 3377 1116 3469 aliquando
1152 3371 1360 3454 succenseat,
1396 3378 1455 3446 hac
1488 3381 1608 3449 ratione
1631 3371 1768 3440 ammai.-

1632 3135 1741 3202 aiaton.
1756 3137 1790 3198 su

224 3481 363 3580 probant
391 3488 526 3555 maxime
551 3500 705 3570 quoniam
730 3470 938 3565 in'hyllerico
963 3472 1185 3568 strangulatu,
1208 3479 1251 3544 rei
1278 3477 1407 3567 alicuius
1432 3497 1604 3572 appetens,
1629 3454 1788 3597 2⁴¹5}ss

222 3578 390 3675 sitiensque
416 3596 598 3653 moveatur,
623 3564 806 3666 impetuque
832 3566 951 3639 sursum
977 3570 1122 3645 deorsum
1148 3570 1266 3644 seratur
1299 3570 1497 3644 errabundus
1522 3576 1606 3643 unde
1627 3613 1673 3687 aff

221 3687 333 3773 gravia
358 3674 494 3771 surgunt
518 3670 729 3768 symptomata
753 3677 785 3735 dt
813 3694 886 3763 qua
910 3671 984 3741 alias
1008 3674 1047 3741 ad
1073 3678 1202 3743 exitium
1237 3678 1460 3771 praecipitant.
1491 3678 1604 3766 Qram
1630 3653 1702 3770 app.
1718 3710 1782 3771 W,

224 3780 366 3851 Platonis
391 3778 570 3873 opinionem
600 3770 738 3839 Galenus
764 3770 905 3865 explodit
928 3773 961 3838 in
988 3766 1048 3840 suis
1071 3777 1323 3841 commentariis.
1350 3772 1391 3839 Et
1416 3790 1454 3839 ut
1478 3793 1605 3866 opinio·
1634 3774 1784 3853 too.ltb,3.

224 3882 255 3947 ni
282 3878 382 3949 fidem
407 3881 556 3963 majorem
583 3866 674 3939 faciat
701 3870 907 3962 Hippocratis
932 3868 1154 3939 auctoritatem
1182 3872 1314 3941 advocat
1329 3873 1360 3936 in
1386 3866 1442 3936 lib.
1467 3862 1535 3949 mpl
1554 3866 1605 3945 ab·
1630 3854 1664 3909 λ’
1684 3859 1765 3915 ‘⁴7¹⁸'-

225 3976 294 4052 iper
314 3970 373 4043 ubi
406 3978 541 4067 loquens
564 3970 603 4039 de
638 3970 719 4037 uteri
742 3962 901 4037 erroribus
936 3963 1223 4037 &extensionibus
1256 3970 1268 4053 (
1293 3969 1346 4037 sua
1379 3970 1490 4058 lingua
1515 3988 1607 4039 vocat
1625 3953 1690 3995 ‘¹⁴‘

223 4076 246 4135 i
270 4068 377 4151 renata·
397 4066 447 4141 eric
467 4062 579 4137 andrae
598 4060 643 4137 tal
665 4058 849 4153 &malaci
873 4070 917 4139 ait
943 4070 972 4137 id
999 4094 1099 4163 genus
1121 4071 1337 4139 extenfionum
1360 4070 1425 4136 fieri
1451 4090 1506 4157 pet
1523 4068 1604 4136 alia·

225 4204 294 4248 rum
322 4176 462 4273 partium
487 4171 625 4241 tractum
652 4172 686 4237 dc
713 4162 1034 4258 consortiumigraeee
1060 4176 1093 4237 δι
1117 4168 1272 4261 eleganter
1295 4160 1346 4228 irai
1364 4160 1418 4233 raia
1435 4154 1625 4243 ὃιλφιξῖιιι

227 4272 361 4347 lrrrbare
386 4270 614 4345 fraternitates,
637 4266 713 4336 dicit
737 4272 748 4353 i
774 4292 838 4337 non
863 4284 969 4335 autem
995 4270 1084 4359 quod
1111 4272 1294 4337 mutationis
1316 4269 1445 4336 initium
1471 4258 1514 4333 ab
1538 4262 1607 4363 ipso

229 4395 316 4445 utero
342 4374 378 4439 lit
400 4390 441 4441 ‚ut
466 4372 497 4437 in
524 4365 611 4437 libris
635 4364 673 4435 de
698 4368 773 4437 locis
796 4366 912 4437 affectis
937 4366 1077 4435 Galenus
1101 4370 1343 4463 interpretatur.
1370 4363 1406 4433 Si
1428 4369 1513 4435 enim
1532 4379 1630 4433 ute-¹
1709 4370 1734 4392 ’·

224 4496 278 4543 tus
300 4470 417 4543 animal
441 4468 510 4539 esser
535 4462 742 4543 incernam
767 4460 796 4535 se
818 4484 924 4535 motus
946 4466 1031 4533 illius
1056 4466 1244 4535 vehementis
1262 4466 1449 4565 principium
1476 4466 1608 4555 vimque
1627 4481 1782 4555 cap.5.t,c‚

226 4566 410 4641 obtineret.
443 4568 502 4639 Sed
528 4568 670 4639 nondum
695 4585 800 4634 tamen
835 4565 1045 4636 controversia
1070 4566 1134 4633 bac
1157 4568 1290 4634 diremta
1314 4564 1387 4639 eli,
1419 4586 1459 4631 an
1495 4580 1605 4631 uterus
1626 4559 1733 4634 stouff-

231 4664 287 4737 suo
311 4668 378 4735 loco
402 4661 473 4737 ase
506 4686 613 4737 motus
648 4672 682 4735 δι
715 4656 866 4758 impulsus
901 4656 1062 4733 descendat
1094 4660 1275 4735 ‘ascendatve
1295 4688 1304 4730 ι
1328 4667 1420 4749 cujus
1443 4664 1485 4729 rei
1509 4664 1603 4731 fidem

232 4772 294 4863 peti
318 4766 450 4861 qnidam
473 4765 588 4839 volunt
612 4790 631 4837 a
658 4756 843 4834 mulieribus
877 4762 970 4857 ipsas,
1008 4786 1081 4855 qua·
1107 4762 1279 4851 Hystericae
1309 4758 1496 4859 oppreffioni
1531 4751 1606 4823 sunt

231 4858 394 4937 obnoxia·
423 4866 468 4933 nc
492 4864 529 4933 de
554 4870 658 4963 primo
684 4862 814 4957 quidem
839 4860 964 4933 dicium
988 4860 1058 4931 elle
1083 4884 1169 4930 nunc
1192 4863 1234 4931 ad
1267 4856 1437 4931 seeundum
1460 4852 1608 4923 festinan-

233 4981 277 5031 ter
312 4961 455 5033 eundum
493 4967 580 5049 cujus
613 4963 724 5041 veritas
760 4964 923 5031 communi
955 4964 1144 5059 experientia
1180 4963 1293 5029 nititur
1334 4982 1371 5028 ac
1403 4946 1608 5021 roboratur.

234 5064 343 5149 Quum
369 5063 452 5133 enim
478 5068 583 5152 generi
610 5054 752 5133 muliebri
790 5064 896 5131 innata
921 5060 1096 5153 stringenti
1123 5052 1346 5133 imbecilliter,
1380 5056 1415 5123 dc
1448 5072 1470 5120 a
1493 5072 1610 5218 appara

1425 5172 1517 5248 expre
1541 5172 1561 5221 a

1667 4033 1699 4084 4.
