4434 6000
477 524 538 596 DE
560 524 805 599 VlRGlNUM
826 524 883 597 ΕΤ
901 522 1166 601 MULtrRUM
1188 529 1391 607 MORBlS:
1496 560 1560 635 ¹49

196 738 198 745 .
243 694 342 754 cunm
369 680 561 773 procidentia
587 684 683 778 partis
708 682 745 751 fit
778 698 835 751 aut
867 698 993 777 propter
1028 681 1218 761 laxitatem,
1241 707 1301 756 aur
1325 690 1492 759 mollitiem
1515 736 1527 767 ,
1551 710 1612 763 aut

189 804 197 849 t
237 776 451 850 resolutionem
485 774 702 849 musculorum
742 798 800 849 aut
839 777 1085 869 ligamentorum
1130 779 1250 875 quibus
1294 811 1365 882 pars
1407 810 1610 883 unaqueque

189 903 196 945 :
235 885 409 949 continetur
444 898 479 946 ac
515 879 692 957 firmatur,
717 878 780 951 srve
814 878 908 947 eausa
940 878 978 945 sur
1018 881 1165 957 iuterna,
1190 884 1250 953 five
1291 887 1328 953 tit
1370 903 1501 956 exterua
1520 891 1607 957 :Sic
1659 892 1688 943 4·

188 1002 193 1043 ε
234 969 408 1073 prolabitur
430 992 542 1046 uterus
565 979 708 1047 relaxatis
732 976 864 1049 vinculis
887 970 1010 1069 quibus
1043 998 1153 1047 uterus
1185 976 1354 1059 coalescit,
1376 984 1561 1079 adjungitur
1593 1030 1607 1062 ‚

188 1080 191 1143 ἶ
234 1090 396 1149 movetur,
419 1080 586 1153 nutritur,
608 1076 671 1147 nse
695 1072 887 1169 refrigeratio
912 1076 949 1143 fic
975 1078 1056 1143 uteri
1082 1080 1118 1147 δι
1151 1080 1361 1171 appendicum
1386 1102 1425 1151 nt
1447 1087 1605 1175 contingit

188 1202 190 1239 r
233 1165 416 1243 mulieribus
441 1167 625 1252 lotricibus,
649 1192 708 1245 aur
732 1196 807 1266 quae
831 1170 1033 1263 frigidissimis
1055 1167 1213 1269 lapidibus
1236 1195 1296 1245 aut
1320 1201 1405 1269 aqua
1437 1184 1605 1259 insident,

187 1300 189 1311 ‚
232 1272 288 1345 live
319 1266 451 1339 muoosa
482 1270 520 1339 stt
539 1265 727 1341 substantia
761 1290 835 1339 tum
871 1276 1060 1363 incorpore
1092 1275 1209 1348 uteri,
1234 1291 1306 1343 tum
1342 1281 1375 1345 in
1409 1274 1604 1357 acetabulis,

230 1388 264 1439 ut
285 1376 414 1464 gravia
436 1365 538 1441 θιᾶιιε
562 1389 670 1439 uterus
695 1365 752 1437 suo
776 1392 842 1437 non
865 1376 1064 1437 contincatur
1094 1372 1194 1445 loco,
1217 1372 1280 1442 five
1302 1372 1335 1439 id
1358 1367 1402 1443 ab
1420 1396 1609 1445 externoru-

229 1489 259 1537 re
283 1466 408 1561 frigido
442 1471 607 1561 proveniat
639 1472 774 1537 maxime
808 1486 948 1561 tempore
972 1464 1203 1537 menstruorum
1229 1469 1337 1541 hiante
1359 1490 1472 1551 utero,
1494 1470 1605 1553 casu,

228 1584 341 1641 motu,
367 1558 558 1635 resolutione
581 1558 646 1663 iph
670 1572 705 1635 dc
728 1564 858 1661 paralysi
879 1608 890 1638 ,
914 1566 1030 1633 accedit
1056 1569 1090 1636 dt
1114 1552 1249 1635 iocundi
1287 1563 1388 1637 libido
1423 1594 1497 1664 qua
1528 1594 1604 1667 pro·

225 1668 289 1759 pric
313 1654 529 1741 mret'snlv
549 1666 672 1735 inducit
696 1680 735 1732 ut
759 1681 832 1731 ante
854 1661 1082 1757 exposuimuse
1108 1663 1257 1735 Difficilis
1281 1686 1392 1759 partus
1414 1676 1554 1739 maxime
1569 1671 1602 1738 id
1614 1658 1745 1748 Copae.

224 1758 318 1842 lacit,
342 1764 433 1857 quod
456 1779 648 1856 rumpantur
666 1761 842 1853 aliquando
852 1762 1035 1857 appendices
1058 1762 1097 1831 ad
1124 1762 1187 1833 ossa
1211 1759 1308 1859 pubis
1317 1769 1521 1861 pertinentes,
1545 1786 1602 1841 aut
1612 1756 1641 1803 ⁷·
1651 1734 1754 1873 w·

221 1865 437 1956 peritonaon.
463 1860 546 1930 Sunt
570 1864 627 1953 qui
649 1860 816 1929 tenfioucm
840 1856 1024 1931 inferiorum
1048 1862 1296 1953 ligamentorum
1321 1867 1352 1932 id
1368 1869 1452 1961 polle
1474 1833 1650 1937 induce-⁴⁸
1721 1858 1731 1881 ⁶

218 1982 250 2028 re
273 1963 402 2035 dicant,
427 1954 476 2031 sed
500 1978 627 2035 errant,
651 1980 757 2052 quum
781 1980 818 2029 ea
841 1960 1000 2029 occafione
1026 1966 1135 2051 potius
1158 1960 1202 2028 ad
1225 1962 1288 2031 osia
1308 1959 1401 2053 pubis
1424 1968 1600 2037 traheretur

216 2066 350 2155 meins.
374 2061 484 2129 Actius
507 2057 678 2130 violentam
707 2050 944 2127 secundinarum
966 2056 1156 2127 estradionr
1255 2078 1293 2127 ut
1316 2057 1745 2133 unnificiosanfessetas

220 2174 270 2225 tus
307 2156 568 2235 extructionem,
600 2175 659 2226 aut
693 2158 823 2225 nimiam
857 2151 983 2251 spiritus
1012 2157 1243 2239 retentionem(
1325 2180 1432 2250 quum
1460 2136 1741 2266 nimiumsmmg*

219 2256 349 2325 nitimur
381 2249 525 2323 cohibito
560 2250 668 2349 spiritu
704 2256 736 2323 in
768 2254 952 2345 egerendo)
977 2274 1131 2349 partuum
1165 2248 1296 2348 srequen
1315 2258 1405 2333 am,
1437 2276 1566 2328 terrores
1589 2229 1683 2365 ,ΜΖ

218 2356 315 2423 animi
351 2352 483 2421 orestus
512 2396 523 2426 ,
558 2350 698 2419 immensi
734 2352 882 2446 ponderis
915 2345 1163 2429 sublationem,
1201 2355 1330 2449 periculi
1364 2374 1485 2425 metum
1521 2378 1602 2429 cau.

217 2447 279 2521 sarm
317 2450 374 2520 else
408 2443 563 2519 censuit:
598 2465 637 2531 ur
669 2448 943 2541 quemadmodum
978 2468 1086 2521 totum
1123 2474 1240 2551 eorpus
1270 2447 1417 2549 presente
1452 2456 1595 2551 periculo
1650 2478 1680 2537 a.

214 2543 406 2619 cohorrescit
427 2592 439 2627 ,
459 2552 644 2617 concutitur
673 2570 710 2616 ae
741 2546 948 2625 dissolvitur,
973 2550 1019 2617 ita
1052 2553 1087 2619 dr
1119 2570 1257 2624 uterus.
1281 2550 1449 2649 Prolapsus
1470 2558 1599 2646 gravior

213 2647 256 2717 est
281 2670 383 2739 quam
417 2640 610 2723 demensus,
642 2643 734 2738 quod
768 2641 891 2717 eversus
923 2664 1033 2719 uterus
1064 2644 1151 2720 suras
1183 2669 1271 2722 totus
1305 2652 1447 2746 procidat
1474 2694 1487 2723 ,
1516 2647 1600 2744 ejus

213 2768 278 2840 que
304 2742 426 2815 sutrdm
451 2748 658 2840 promineat,
682 2744 716 2811 δι
742 2766 841 2815 manu
865 2746 1051 2816 attrectetur
1083 2743 1214 2819 austrini
1244 2750 1300 2821 ovi
1334 2751 1554 2843 magnitudine
1586 2796 1600 2831 ,

215 2850 327 2915 Anius
351 2842 597 2915 struthiocamrli
621 2865 684 2915 ovo
709 2841 806 2913 fimile
829 2844 911 2937 quid
934 2846 993 2915 esse
1017 2862 1131 2939 putat.
1155 2852 1326 2941 Quaeritur
1347 2871 1389 2918 an
1415 2869 1503 2921 torus
1527 2868 1600 2920 ute-

214 2966 266 3015 rus
292 2942 455 3042 procidat,
477 2966 522 3014 an
546 2964 622 3016 vero
640 2962 720 3110 pars
744 2942 854 3035 aliqua
866 2960 1013 3014 mutum,
1041 2946 1079 3014 ln
1104 2966 1218 3024 utero,
1243 2964 1363 3016 utantc
1387 2948 1599 3043 explicuimus
1757 2965 1810 2987 ⁹

217 3048 248 3114 in
273 3048 376 3142 capite
395 3055 437 3112 'ea
459 3043 500 3113 de
522 3065 556 3112 re
581 3065 639 3114 con
653 3044 776 3137 cripto,
800 3036 958 3136 spcdlatur
968 3065 1083 3137 corpus
1092 3040 1216 3138 ipsum,
1239 3063 1294 3117 os,
1318 3041 1460 3120 collum,
1480 3069 1601 3142 appen.

211 3143 295 3212 dices
321 3144 577 3232 &.ligamcnta.
604 3140 734 3235 Corpus
756 3140 832 3212 alias
857 3147 991 3226 majus,
1016 3140 1093 3206 alias
1118 3146 1252 3216 minus,
1277 3145 1312 3208 dt
1335 3143 1425 3230 quod
1449 3139 1540 3214 sacile
1562 3147 1597 3216 in

214 3265 340 3310 omrrem
365 3240 590 3308 dimensionem
612 3240 739 3308 dilatari
765 3234 881 3332 potest.
907 3229 1207 3308 Cornibusduobus
1231 3238 1399 3335 preditum
1422 3239 1482 3310 est.
1509 3245 1595 3327 Utt·‚

211 3361 266 3409 rur
290 3361 328 3408 os
353 3331 467 3415 habet,
490 3337 633 3414 collum,
658 3340 691 3406 dt
716 3357 754 3402 os
775 3333 863 3404 tolli.
890 3333 1058 3408 falluntur
1081 3338 1164 3407 enim
1188 3341 1247 3428 qui
1273 3357 1389 3433 putant
1413 3333 1443 3410 se
1466 3363 1502 3410 os
1521 3360 1594 3415 ute.-

210 3441 236 3508 ri
262 3461 366 3514 rnanu
390 3439 571 3530 contingere
597 3433 707 3531 polle.
735 3434 872 3504 Galenus
888 3456 971 3502 corn.
991 3436 1024 3502 in
1049 3429 1245 3532 aphorismos
1270 3437 1428 3534 explicans
1450 3442 1530 3531 quid
1556 3442 1595 3512 ar

206 3559 242 3608 os
268 3540 376 3616 uteri,
399 3555 497 3629 graece
521 3524 789 3612 ecspaeoepu,
811 3525 854 3602 ab
879 3535 1008 3629 epiploo
1031 3538 1221 3631 comprimi,
1244 3538 1311 3614 ait,
1334 3536 1458 3606 dietum
1482 3539 1526 3606 est
1550 3532 1595 3608 ab

205 3637 357 3731 Hippot.
378 3656 413 3702 os
436 3633 469 3702 id
494 3628 604 3704 scilicet
628 3629 717 3727 quod
742 3633 829 3700 intus
852 3630 894 3700 eli
920 3629 977 3702 ubi
1002 3649 1114 3704 uterus
1136 3636 1249 3705 definit
1271 3634 1419 3709 ,collum
1445 3655 1520 3704 vero
1544 3637 1596 3706 in·

205 3737 303 3832 cipit,
332 3732 415 3800 ilhtd
438 3751 545 3802 autem
568 3735 697 3829 'proprie
719 3748 756 3798 os
778 3732 860 3798 uteri
879 3754 951 3802 curn
976 3731 1149 3818 adjectione
1158 3735 1394 3803 nominaretur.
1421 3734 1507 3802 Nam
1519 3734 1597 3804 alre-

205 3853 239 3900 ta
267 3831 366 3927 ipsius
388 3821 462 3899 colli
487 3836 664 3902 extremitas
688 3849 760 3920 qua
794 3828 933 3902 mulieris
967 3832 1128 3925 pudendis
1152 3832 1388 3922 eorsjungirur,
1411 3855 1478 3900 nou
1512 3835 1596 3900 uteri

206 3951 262 4004 os,
288 3925 340 3998 scd
365 3951 401 3997 os
425 3929 522 4008 colli,
545 3953 644 4024 gruem
668 3917 872 4003 detuleram*
898 3933 1138 4000 nominaretur.
1165 3922 1416 4022 Ligaturautem
1442 3949 1529 4024 parte
1546 3932 1596 3998 in-
1608 3949 1739 4011 com,

206 4023 318 4098 lrriore
344 4027 454 4098 validis
480 4029 686 4119 ligamentis,
711 4049 786 4124 quae
807 4051 884 4098 eum
916 4036 961 4098 ira
995 4032 1182 4106 continent,
1207 4051 1246 4096 ne
1277 4045 1381 4122 partes
1404 4021 1498 4122 supra
1523 4029 1593 4100 sitas
1607 4024 1728 4104 'thesa—

207 4129 416 4225 comprimat,
439 4146 498 4198 aut
522 4131 555 4195 in
579 4127 765 4198 alterutram
777 4146 897 4225 partem
923 4127 1090 4218 devergat,
1114 4133 1146 4194 δι
1161 4145 1305 4195 meatum
1331 4126 1380 4195 vel
1396 4149 1517 4204 cornu,
1541 4129 1593 4200 vcl
1607 4105 1702 4180 Μ’·

208 4247 240 4292 or
263 4233 402 4297 interiret
426 4225 582 4296 dilatans.
606 4226 640 4295 Si
664 4225 800 4296 alterum
825 4227 1074 4314 ligamentorum
1101 4217 1249 4296 solvatur
1281 4225 1528 4299 contrahaturve
1558 4230 1594 4298 in

206 4323 281 4395 hanc
307 4327 435 4398 illamve
461 4342 581 4420 partem
605 4325 767 4396 inclinat·
793 4323 889 4396 Parte
911 4341 1019 4392 autem
1045 4319 1205 4416 superiore
1231 4323 1380 4392 firmatur
1404 4327 1489 4397 vasis
1506 4321 1595 4420 sper·

204 4429 343 4502 maricis,
371 4429 406 4494 dt
430 4425 517 4494 venis
541 4426 573 4492 in
597 4417 786 4518 superiorem
810 4429 878 4510 ejus
904 4440 1023 4519 partem
1049 4415 1299 4518 pertinentibus.
1322 4423 1376 4493 Ne
1392 4445 1500 4494 aurem
1510 4443 1593 4492 arte·

204 4527 257 4591 ria
281 4545 433 4616 urnaque
456 4537 672 4620 rumpantur,
697 4523 791 4592 firmo
817 4521 960 4622 ptaelidio
982 4541 1032 4590 eas
1056 4525 1213 4600 munivit,
1244 4539 1316 4615 pote
1342 4525 1529 4617 peritonaeo.
1556 4521 1593 4590 st

203 4623 310 4716 itaque
351 4625 557 4717 peritonaeum
592 4638 800 4714 rumpatur,
838 4639 897 4692 aut
928 4621 1052 4692 laxetur
1090 4622 1329 4717 provolvitur,
1365 4639 1423 4689 aut
1457 4621 1590 4718 procidit

201 4721 231 4788 in
267 4723 338 4788 aliis
365 4721 496 4810 magis,
520 4721 552 4790 in
589 4719 655 4788 aliis
679 4723 784 4788 minus
805 4771 812 4788 .
837 4723 889 4791 De
912 4717 1105 4813 questione,
1131 4745 1172 4792 an
1196 4738 1307 4788 umens
1331 4735 1419 4787 totus
1444 4716 1590 4812 procidat

199 4843 265 4887 rron
292 4815 338 4885 est
361 4816 464 4886 adhuc
488 4837 594 4889 tatum
621 4825 703 4890 inter
728 4837 865 4890 veteres.
895 4819 1004 4888 Acrius
1028 4841 1066 4888 ex
1088 4819 1213 4887 Sorano
1229 4823 1275 4888 ita
1291 4817 1332 4884 de
1350 4836 1443 4885 utero
1462 4811 1592 4907 prolap·
1603 4812 1728 4898 ⁶47⁶·

204 4911 234 4984 so
258 4911 375 4993 l'cntit,
401 4909 581 5013 prolabitur
605 4937 716 4988 uterus
740 4941 849 5010 quum·
867 4923 911 4988 ita
933 4919 1086 4988 evertitur
1110 4937 1150 4987 ut
1177 4912 1260 4984 suras
1286 4916 1490 5007 promineat.
1517 4907 1589 4982 Nec
1603 4882 1720 5039 ἴθ’

200 5018 284 5086 euim
311 5029 403 5087 tatus
427 5037 447 5085 a
472 5009 535 5086 suis
558 5009 783 5112 appendicibus
815 5009 976 5089 exsolutus
1010 5015 1149 5091 excidit.
1177 5014 1312 5101 hlicrqui
1344 5009 1377 5078 id
1416 5001 1590 5084 incurabile
1604 4983 1736 5120 „mm

303 5115 443 5186 &eonii
461 5115 558 5208 Optr.
581 5118 674 5184 Tam.
699 5119 758 5187 IV.
1127 5107 1158 5176 K
1217 5131 1232 5194 3
1433 5103 1539 5176 sorte.
1705 5088 1748 5121 ''
