4434 6000
400 556 404 563 ’
475 562 882 646 ornncmrntrr
902 558 1175 638 truttmunt
1196 568 1394 653 nouus.
1495 566 1568 671 ri,

222 699 297 767 inde
321 688 505 787 questiones
529 694 648 764 moueri
674 689 799 788 possunt
823 710 864 759 an
887 708 999 760 uterus
1030 695 1077 760 ira
1114 713 1318 775 moveatur,
1352 700 1397 768 de
1419 720 1486 795 qua
1511 703 1614 797 peiore

225 792 399 889 quaslione
423 808 496 861 ante
516 788 689 887 plenllllnre
712 789 834 859 droun
866 788 940 868 esi,
974 794 1009 859 dt
1045 810 1087 858 an
1111 795 1225 863 neeesse
1250 798 1287 866 srt
1312 798 1353 867 de
1374 793 1436 868 suo
1459 798 1615 871 dimoveri

224 893 417 987 detrudique
441 892 529 971 loco,
552 910 590 959 ue
614 890 770 960 efficiatur
793 893 819 958 ir
843 894 906 982 qui
929 888 1085 959 essentiam
1111 888 1215 961 morbi
1239 895 1409 966 constitnit
1428 944 1444 976 ‚
1465 896 1617 990 strangu·

225 992 339 1063 latur.
373 990 424 1058 Ar
446 1011 484 1059 err
511 984 669 1087 prioribus
690 989 826 1060 Hollerii
862 981 966 1061 verbis
1002 990 1037 1055 δι
1070 986 1302 1083 strangulatum
1328 990 1427 1065 abesse
1448 996 1534 1091 posse
1561 1020 1618 1092 pa·

222 1108 286 1170 tet,
309 1088 466 1183 siquidem
488 1086 534 1157 esi
559 1110 675 1181 magna
694 1084 898 1187 respiratio,
935 1094 969 1157 dt
995 1100 1123 1154 motum
1148 1094 1284 1161 materiei
1307 1112 1366 1163 aur
1386 1098 1421 1163 in
1447 1096 1529 1165 harre
1554 1112 1614 1165 aut

222 1192 256 1261 in
280 1190 368 1259 iiltnr
388 1204 520 1286 *partem
543 1194 645 1261 varim
668 1186 828 1278 hysterieae
854 1183 1002 1281 paffionir
1025 1184 1111 1253 ideas
1134 1187 1341 1259 constitueret
1367 1191 1437 1259 Nrn
1456 1190 1542 1262 mete
1564 1194 1615 1261 di-

224 1306 275 1359 eat
298 1294 383 1383 quin
403 1287 654 1380 videriquidem
679 1290 835 1377 virginem
861 1282 1086 1373 strangulari,
1119 1308 1185 1351 non
1211 1305 1317 1356 tamen
1342 1290 1533 1361 nennnnam
1552 1291 1616 1361 effe

224 1383 436 1484 respirationis
459 1388 750 1482 imorceprionem.
790 1386 893 1451 immo
923 1386 959 1451 δι
1000 1387 1034 1451 in
1070 1381 1238 1453 dominatu
1272 1387 1512 1481 irritationeque
1546 1412 1618 1459 vera

225 1488 329 1557 mium
355 1486 497 1559 uidimus
517 1484 642 1580 puellas
666 1486 711 1553 ita
737 1480 888 1556 assedet,
924 1498 962 1551 ut
994 1474 1052 1549 libi
1083 1484 1239 1577 praecludi
1266 1481 1382 1555 1saucer
1416 1504 1617 1567 narrarent,

222 1608 331 1679 quum
357 1602 465 1655 tamen
488 1578 583 1653 libere
606 1576 676 1650 srrns
698 1576 841 1675 spiritum
864 1580 1044 1658 ducerent,
1068 1584 1104 1651 dt
1126 1586 1163 1650 in
1188 1589 1326 1652 attonito
1350 1580 1494 1665 morbo,
1518 1606 1619 1679 quem

224 1677 439 1757 humil-v,
462 1673 524 1743 tva
543 1677 591 1739 *i
611 1670 865 1755 &mltttben
889 1696 1096 1777 nuncupant,
1122 1686 1158 1751 dt
1182 1678 1321 1752 saucium
1338 1686 1615 1765 -inretclrrfiorrem,

218 1788 260 1853 δι
285 1775 441 1852 libertatis
463 1775 634 1875 respirandi
653 1781 942 1879 interceptionem,
977 1784 1012 1849 dt
1037 1782 1248 1876 privationem
1276 1798 1390 1852 motus
1415 1778 1613 1862 defensus,

220 1902 335 1975 quum
361 1898 465 1953 tamen
485 1878 597 1948 nullut
620 1894 747 1959 uerus,
772 1898 829 1950 rur
850 1880 914 1947 ralia
939 1877 1043 1947 similis
1060 1882 1099 1947 in
1125 1902 1254 1976 eoepme
1276 1902 1349 1977 pars
1373 1894 1518 1975 turgeat,
1544 1884 1616 1952 loco

219 1996 423 2059 moveatur,
448 1985 674 2077 impetumque
692 1974 821 2058 saciat,
852 1978 886 2044 δι
912 1978 989 2047 aliae
1013 1978 1075 2045 srtu
1100 1972 1274 2074 superiores
1311 1980 1472 2076 pessundet
1495 1990 1531 2052 tc
1552 2004 1617 2076 op:

220 2082 368 2175 primae,
388 2081 476 2150 unde
500 2074 921 2173 nnnanooonsequanrr.
959 2078 1008 2145 Ac
1029 2076 1068 2144 de
1093 2096 1188 2147 rrroru
1215 2083 1299 2146 uteri
1324 2098 1438 2170 magna
1462 2078 1507 2147 eli
1531 2085 1613 2147 inter

222 2178 392 2274 primarios
417 2180 559 2248 medicor
578 2176 741 2252 dissentio,
767 2176 915 2246 nondum
940 2176 1063 2244 deorum
1087 2175 1305 2268 definitaque,
1329 2180 1422 2269 quod
1443 2182 1480 2245 in
1505 2178 1615 2274 primia

221 2274 456 2346 distinctionem
479 2283 563 2346 inter
587 2273 669 2343 sitan
719 2276 821 2345 iatum
845 2276 950 2349 uteri,
972 2276 1007 2339 dr
1031 2270 1177 2341 sutorem
1200 2266 1366 2343 obscuram
1391 2276 1520 2347 reddar.
1545 2274 1606 2343 Sed

221 2374 419 2471 Hippocrati
439 2374 585 2443 hocloco
602 2298 833 2441 fabritianum
850 2378 909 2464 qui
923 2361 1083 2447 0²me
1101 2365 1130 2447 a*
1146 2364 1258 2439 «nan
1276 2365 1305 2450 a*
1323 2368 1440 2443 'obet
1459 2374 1483 2431 θ
1505 2366 1613 2449 titulat
1633 2357 1693 2425 Lib,
1710 2361 1796 2439 d‘stt-

220 2474 471 2547 animaduertit.
497 2470 559 2540 Sed
584 2469 724 2541 Galenus
748 2471 857 2540 multis
879 2469 1038 2540 convincit
1057 2468 1239 2543 munione
1262 2495 1371 2544 morus
1402 2476 1498 2572 ipsus
1562 2480 1610 2547 in·
1629 2436 1776 2582 ἵζ’,ζξῇ
1805 2564 1807 2568 .

219 2575 345 2640 oiiunr
381 2596 446 2641 non
481 2570 538 2640 effe
560 2563 605 2639 ab
636 2588 728 2639 utero
746 2614 763 2648 ·,
798 2564 851 2639 sed
883 2590 944 2665 per
967 2565 1147 2642 constnsum
1181 2590 1308 2642 tantum
1336 2576 1401 2643 sieri
1427 2574 1506 2644 &l
1553 2570 1611 2635 all
1634 2598 1740 2662 homine
1764 2548 1796 2590 η

220 2596 409 2749 illudio,
428 2668 510 2739 idest
533 2672 792 2739 communionem
812 2714 823 2747 ,
847 2662 1030 2739 consensum
1065 2676 1347 2765 &cognationem
1372 2673 1508 2744 aliarum
1533 2700 1606 2775 par-
1635 2681 1798 2756 ipram.

223 2774 308 2841 tium
336 2770 531 2867 repletarum
551 2787 608 2839 cut
630 2768 835 2847 litterarum,
859 2784 919 2837 aut
941 2768 1029 2837 aliud
1056 2770 1154 2841 simile
1173 2774 1382 2867 patientium.
1410 2768 1518 2846 Verbo
1542 2776 1610 2846 hac
1636 2763 1799 2845 neutpm,

224 2864 300 2941 sunt
326 2870 457 2941 Galeni.
483 2869 631 2939 Similiter
653 2884 761 2939 utetur
785 2867 883 2937 modo
902 2860 1027 2937 -snnnn
1052 2864 1154 2949 abit,
1186 2866 1282 2939 modo
1314 2870 1348 2940 ln
1374 2872 1456 2942 latus
1482 2896 1611 2970 promo·
1643 2858 1707 2899 ¹⁰⁰⁰

226 2990 353 3048 retur,
385 2992 441 3040 nec
459 2966 496 3036 -id
519 2966 651 3063 quidem
677 2970 807 3065 proprio
829 2962 888 3038 suo
913 2986 1003 3039 motu
1024 3013 1036 3046 ,
1060 2966 1109 3040 sed
1133 2962 1185 3039 ab
1217 2967 1321 3040 altero
1344 2970 1464 3040 eradius
1495 2995 1513 3041 e
1544 2967 1611 3043 sede
1639 3007 1717 3064 cm,
1753 3008 1784 3063 tn

227 3077 359 3169 propria
384 3067 519 3147 recedit,
543 3091 616 3161 quae
638 3070 722 3137 enim
747 3067 882 3138 orabunt
906 3069 1009 3137 multa
1031 3061 1132 3136 sunt.
1165 3065 1282 3136 Nerua
1310 3073 1401 3135 enim
1428 3073 1534 3149 nervi,
1558 3095 1612 3142 ar-
1636 3093 1713 3156 pm.
1734 3102 1798 3144 rom

224 3177 343 3252 toria,
378 3191 466 3242 vene
491 3191 564 3261 quae
583 3169 622 3234 in
647 3159 751 3262 ipsum
779 3171 966 3262 pertinent,
995 3167 1104 3234 omnia
1140 3163 1205 3230 hec
1233 3165 1272 3232 id
1304 3164 1425 3235 efficere
1446 3168 1611 3264 ponunt,
1640 3160 1799 3257 ‘ganisan

222 3291 333 3363 ‘quum
358 3270 391 3338 in
414 3286 577 3336 tumorem
596 3269 805 3356 *extergendo
838 3279 966 3330 tantum
1000 3259 1130 3331 dement
1152 3261 1199 3330 de
1229 3263 1429 3356 longitudine
1451 3289 1612 3361 quantum
1640 3242 1758 3302 ''ml''

226 3373 262 3437 in
287 3387 452 3438 tumorem
477 3379 636 3436 metuat.
664 3361 704 3428 Et
729 3362 788 3427 iroe
808 3381 985 3428 commune
1008 3355 1157 3430 omnibus
1188 3357 1375 3461 torporibus
1393 3386 1472 3458 qua
1495 3368 1612 3438 dislen·

223 3469 329 3538 tiones
354 3470 389 3536 δι
413 3457 644 3532 eontraffiones
666 3452 798 3528 habent.
826 3462 869 3528 Et
886 3458 981 3551 quod
998 3462 1116 3531 mirum
1140 3457 1185 3529 dl
1206 3480 1244 3531 ut
1268 3459 1356 3533 suam
1376 3461 1526 3536 defendar
1544 3465 1612 3536 sn-
1641 3486 1711 3556 etp.
1730 3479 1800 3553 5.t

226 3569 365 3635 rentiam
388 3559 570 3652 exemplum
593 3560 682 3630 affert
705 3557 873 3629 viduarum
888 3555 1117 3649 nyuencnnn
1134 3555 1257 3651 quibus
1279 3557 1354 3632 rasa
1378 3561 1532 3657 sanguine
1547 3591 1611 3636 nnn
1642 3570 1672 3622 ⁶·
1687 3558 1802 3632 rte-roca

222 3663 421 3758 implentur,
446 3663 481 3730 dt
508 3677 666 3754 propterea
691 3679 708 3726 a
735 3656 930 3752 plenitudine
955 3681 1020 3727 non
1054 3659 1357 3729 contrahuntareirr
1394 3665 1450 3740 iis,
1474 3665 1521 3733 ait
1536 3711 1547 3740 ,
1565 3662 1612 3734 se·
1640 3635 1689 3714 'ff'

227 3767 325 3831 minis
349 3755 520 3856 suppressio
545 3756 701 3849 hystoricae
723 3755 894 3826 affeblronis
917 3752 1009 3826 causa
1028 3755 1106 3834 est,
1136 3779 1246 3851 quum
1271 3758 1359 3828 nulla
1381 3758 1441 3827 fiat
1466 3763 1615 3832 retradiio

229 3863 331 3930 uteri.
358 3857 501 3928 Tandem
525 3856 688 3926 concludit
714 3856 937 3949 perversionem
963 3861 1044 3926 uteri
1061 3877 1182 3928 eorum
1207 3849 1441 3952 symptomaton
1458 3881 1532 3952 quae
1557 3862 1617 3953 hy·

228 3957 501 4052 nerieurirginee
521 3951 665 4028 infellant
689 3948 816 4022 eausam
839 3977 906 4022 non
927 3951 1010 4033 elle,
1035 3948 1084 4023 sed
1110 3955 1343 4051 plenitudinem
1365 3951 1488 4052 ipsam.
1512 3959 1616 4044 Quod

226 4061 395 4128 aratione
415 4057 557 4127 alienum
580 4055 729 4125 videtur.
754 4051 846 4121 Nam
871 4055 906 4121 dc
931 4054 1093 4146 malignus
1118 4064 1248 4150 vapor,
1283 4059 1317 4126 dt
1336 4055 1547 4135 eontractio,
1580 4062 1626 4128 &¹

231 4155 418 4252 plenitudo,
441 4175 625 4228 concurrere
648 4151 815 4225 videntur.
840 4146 915 4221 Pars
939 4173 1015 4222 vero
1039 4149 1127 4250 ipsa,
1151 4170 1260 4224 utetur
1283 4177 1414 4252 nempe,
1438 4157 1519 4227 adeo
1542 4179 1615 4228 ma·

231 4277 330 4348 gnum
354 4249 541 4328 wutirrsum
566 4275 640 4324 cum
665 4246 809 4350 parribus
833 4243 1045 4320 nobilioribus
1075 4253 1199 4329 anne,
1231 4269 1344 4324 utens
1379 4249 1470 4325 facile
1494 4262 1529 4325 in
1550 4248 1621 4327 suae'

233 4357 408 4428 alletiionia
429 4355 649 4448 contagionem
673 4351 805 4421 trahat.
836 4351 885 4420 nc
909 4349 1019 4446 paullo
1042 4369 1114 4420 ante
1136 4352 1276 4422 diximus
1310 4359 1346 4423 in
1370 4355 1533 4426 nonnullis
1558 4358 1621 4446 hy·
1770 4391 1775 4399 ,

236 4451 349 4525 sierint
372 4453 553 4548 aliquando
574 4447 689 4522 servari
713 4445 948 4546 respirationem
972 4449 1062 4546 quod
1087 4455 1220 4522 materia
1245 4475 1311 4522 non
1336 4471 1469 4552 appetat
1489 4472 1622 4550 precor-

239 4551 313 4628 dia,
336 4549 387 4622 soei
412 4555 482 4622 aiio
505 4553 648 4626 commui
669 4549 838 4627 rideatur,
863 4553 898 4620 dr
921 4549 1011 4642 quod
1037 4569 1136 4650 prout
1158 4556 1298 4632 andem,
1320 4571 1376 4623 aut
1402 4551 1532 4647 posticas
1554 4575 1624 4622 cor·

238 4652 328 4744 poris·
350 4669 450 4742 putres
474 4651 596 4722 humor
614 4643 767 4718 sollicitet
791 4665 972 4746 petatque,
1005 4654 1054 4719 ita
1079 4655 1213 4722 vannus
1237 4647 1472 4749 symptomaton
1497 4657 1624 4722 eontin-

236 4765 322 4840 με
349 4747 410 4816 Sed
434 4765 537 4820 tumen
563 4755 684 4820 mitum
708 4747 766 4817 elle
791 4745 883 4844 puffit
906 4749 1076 4842 quomodo
1093 4767 1121 4828 ,·
1142 4747 1296 4848 suppressa
1320 4748 1623 4838 narrationique

236 4848 314 4915 aliar
335 4867 449 4940 eorpus
472 4865 579 4920 totum
602 4845 782 4940 refrigeret,
805 4849 879 4918 alias
901 4845 1136 4946 respirationem
1161 4851 1358 4947 intercipiat,
1382 4849 1458 4914 alias
1481 4841 1543 4912 alia
1563 4843 1624 4915 ad·
1643 4813 1785 4916 cmsfnsus

237 4941 329 5017 serm.
357 4944 412 5014 Au
437 4967 475 5014 ea
499 4948 690 5019 nanneten
717 4963 804 5044 parte
836 4939 1056 5016 membrorum
1089 4951 1296 5041 partiumque
1329 4939 1544 5021 ammarum,
1581 4965 1623 5016 an
1645 4907 1806 5036 mam

244 5050 362 5116 tutione
386 5043 570 5116 lrrrcnoruur
592 5051 792 5138 contingat,
826 5067 869 5116 an
892 5063 1103 5136 utrorumque
1127 5045 1199 5114 Gal.
1223 5050 1256 5114 in
1279 5061 1317 5111 eo
1343 5032 1536 5118 laborarit,
1567 5045 1620 5116 stri
1643 5051 1788 5136 panitur.

333 5145 476 5214 antonia·
501 5147 596 5242 Optr.
621 5147 719 5220 Turn.
745 5145 814 5215 IV·
1108 5155 1145 5222 Η
1200 5161 1234 5228 3·
1419 5183 1444 5222 n
1467 5142 1578 5237 paullo
