4434 6000
665 554 734 626 268
884 547 1289 628 GULIELMI
1340 546 1725 620 BAL'LONII

606 681 741 759 morbus
765 685 806 758 est
831 711 840 756 t
865 688 914 760 vti
941 705 979 758 ut
1003 700 1075 755 ante
1099 681 1270 756 diximus,
1302 682 1411 774 potius
1433 677 1596 747 evacuatio
1626 693 1730 769 quam
1753 665 1995 768 qualitatit'tt·

605 783 720 879 prciiio
744 789 941 880 requiritur.
964 781 1066 876 Quod
1095 805 1125 870 3.
1151 780 1242 875 Epid.
1267 780 1384 871 virgini
1398 772 1545 871 Latiisaeae
1568 781 1692 845 euenit.
1719 774 1896 871 Multipier
1912 781 1992 848 enim

603 888 769 956 evacuatio
793 907 862 956 eam
888 879 1064 961 liberavit,
1098 882 1197 972 idque
1230 870 1316 946 sexto
1348 875 1424 944 die.
1459 872 1646 966 Aliquando
1678 889 1716 942 ea
1742 880 1880 945 materia
1905 868 1988 945 subit

605 1003 717 1063 venas,
742 989 777 1054 δι
800 980 1007 1054 confunditur
1030 1003 1105 1050 cunr
1129 975 1301 1070 sanguine,
1326 969 1494 1068 prasertim
1518 973 1644 1042 tenuior
1668 993 1770 1066 pm,
1794 973 1829 1038 iit
1851 991 1941 1043 tunc
1965 982 1991 1044 in

606 1083 705 1150 urinis
730 1083 817 1176 figna
841 1099 1010 1178 apparent.
1039 1063 1225 1171 diiquando
1249 1075 1348 1170 hepar
1372 1095 1435 1142 non
1458 1066 1649 1147 trascendit,
1674 1091 1731 1139 nec
1754 1073 1942 1166 quicquam
1965 1077 1990 1143 in

605 1181 691 1250 venis
713 1175 880 1275 perturbat
907 1187 939 1252 uc
966 1171 1069 1258 miscet
1096 1224 1105 1242 .
1143 1174 1242 1245 Unde
1273 1177 1308 1242 in
1338 1166 1534 1264 quibusdam
1568 1161 1710 1261 febribus
1744 1173 1840 1239 eriam
1866 1182 1991 1265 magnit

605 1273 729 1372 sanguis
754 1281 955 1374 incorruptus
979 1292 1121 1347 manet:
1149 1277 1186 1343 in
1210 1272 1278 1344 aliis
1301 1270 1406 1342 statim
1431 1263 1610 1367 putrescit,
1643 1284 1703 1338 aut
1735 1262 1905 1341 maibescit
1926 1278 1991 1350 ,dt

607 1371 697 1444 fibris
721 1394 822 1454 caret,
847 1395 905 1446 aut
930 1377 1003 1446 alias
1027 1372 1195 1470 qualitates
1219 1375 1392 1464 acquirit,
1420 1379 1456 1437 iu
1480 1369 1548 1437 aiiic
1571 1381 1703 1436 tantum
1726 1363 1920 1440 incalescit.
1955 1371 1988 1440 Et

600 1474 639 1541 id
663 1470 745 1544 forte
769 1475 905 1544 Fernclio
929 1471 1080 1571 imposuit
1104 1488 1143 1539 ut
1167 1471 1303 1540 erederet
1328 1461 1528 1563 hypostastos
1553 1467 1716 1536 materiam
1740 1491 1807 1536 non
1825 1469 1890 1540 eise
1912 1471 1986 1562 quiri

605 1567 765 1642 desesium
789 1574 829 1644 de
854 1577 984 1644 materia
1009 1565 1193 1641 morbiiiea.
1220 1568 1282 1636 Sed
1306 1569 1491 1660 quoniam,
1527 1566 1573 1634 ait
1597 1563 1762 1643 Galenus,
1786 1589 1852 1636 nun
1871 1560 1922 1640 tb
1942 1574 1986 1639 ir.

606 1669 843 1750 flammationt,
868 1697 932 1743 non
957 1697 983 1742 a,
1002 1671 1141 1762 maligna
1167 1668 1343 1736 humorum
1367 1660 1565 1734 abundantia
1601 1658 1735 1734 morbus
1758 1683 1863 1743 etat,
1897 1661 1982 1738 seda

606 1765 672 1837 soia
699 1771 910 1865 plenitudine.
940 1770 980 1839 Et
1004 1789 1042 1838 ut
1067 1773 1099 1836 in
1127 1762 1243 1834 morbo
1267 1766 1359 1838 varie
1378 1781 1479 1860 parcet
1504 1760 1710 1840 afficiuntur,
1734 1765 1779 1835 ita
1803 1767 1902 1837 ratic
1923 1762 1980 1836 suut

606 1863 696 1937 enses
721 1893 730 1934 e
758 1870 842 1937 unde
865 1871 899 1938 in
924 1863 1065 1938 febribus
1088 1867 1183 1934 ctiam
1209 1866 1289 1955 vetis
1312 1857 1335 1929 s
1349 1881 1406 1932 uta
1427 1855 1655 1945 observantur,
1676 1883 1782 1957 eaque
1802 1867 1901 1935 ctiam
1926 1889 1981 1936 na·

603 1963 660 2042 ia,
685 1965 707 2032 st
732 1960 820 2037 facilc
845 1965 1035 2060 procedant,
1062 1961 1147 2031 bono
1172 1958 1269 2031 sunt.
1303 1889 1375 2030 ube
1399 1961 1576 2056 pleuritidis
1590 2005 1607 2039 ,
1640 1981 1695 2030 nec
1721 1968 1979 2059 peripneumonia

602 2057 740 2160 suspitio
762 2062 806 2133 est
831 2065 921 2134 uiia.
957 2064 995 2132 lu
1028 2061 1121 2156 quod
1155 2055 1314 2156 plerimut
1353 2061 1489 2154 imponit
1522 2053 1747 2152 ignorantibut
1780 2065 1848 2134 uim
1873 2083 1978 2135 nature

605 2167 748 2258 torporis
772 2164 870 2232 totius
894 2161 1033 2256 singulas
1058 2178 1160 2258 partes
1184 2157 1345 2228 lustrantis
1368 2152 1403 2227 ur
1424 2161 1763 2253 expurgantin.‹1nter
1786 2180 1892 2233 oeteta
1915 2186 1978 2234 vtro

602 2260 635 2328 id
659 2279 770 2330 contra
794 2259 970 2332 Fernciiunr
994 2257 1102 2337 facit,
1130 2257 1225 2350 quod
1259 2257 1314 2324 nist
1347 2254 1518 2351 hypoiiafis
1550 2256 1675 2349 sgnum
1709 2259 1815 2329 ederet
1838 2260 1976 2332 coctionis

602 2359 752 2428 humoris
776 2359 870 2456 ipsius
895 2353 1078 2434 morbifiei,
1111 2373 1190 2426 tune
1215 2351 1361 2426 stlutarts
1385 2349 1475 2423 erista
1508 2377 1575 2422 non
1598 2355 1850 2452 contingerent,
1882 2383 1976 2454 quum

600 2459 637 2525 in
661 2460 753 2526 urina
778 2459 975 2532 mediocriter
997 2455 1093 2528 crana
1118 2453 1289 2552 hypoiiafic
1313 2448 1387 2523 aibn
1408 2454 1498 2525 'irruis
1522 2457 1558 2522 dc
1580 2453 1709 2546 aqualis
1731 2477 1887 2553 apparet,
1907 2483 1978 2550 qua

601 2556 700 2626 nativi
724 2553 836 2625 ctiotit
860 2550 962 2626 robur
986 2554 1141 2625 ostendit.
1164 2550 1266 2624 Crises
1298 2555 1382 2620 enim
1418 2551 1505 2620 fiunt
1540 2569 1657 2623 nutura
1681 2548 1852 2627 bctrncnte
1873 2561 1979 2626 notior

598 2653 751 2722 humores
772 2675 793 2724 a
817 2648 927 2733 bonit,
950 2647 1067 2746 cosque
1091 2652 1133 2720 ad
1155 2654 1364 2720 excretionem
1401 2668 1626 2746 praeparante,
1652 2673 1694 2720 ee
1714 2653 1825 2724 Gaieni
1856 2648 1981 2726 suten-

443 2761 489 2797 ··
528 2786 538 2808 ·
599 2759 665 2828 tia,
690 2769 748 2822 aut
773 2745 850 2820 saiso
876 2754 977 2850 Hipp.
1003 2770 1075 2822 tuta
1098 2757 1210 2820 omnia
1233 2747 1291 2820 eise
1315 2747 1526 2828 affirmasset,
1558 2748 1583 2816 u
1616 2749 1684 2820 talia
1705 2757 1796 2821 trina
1816 2775 1893 2822 cum
1919 2756 1986 2845 hp·

441 2839 475 2876 ”
491 2842 557 2893 ‘²·
596 2847 712 2948 postafi
736 2843 887 2920 laudabiii
921 2873 962 2946 ap
985 2869 1098 2921 arear:
1131 2848 1232 2919 aderit
1264 2850 1349 2917 enirn
1383 2869 1450 2916 non
1482 2846 1583 2916 modo
1616 2842 1836 2926 securitattmt
1871 2847 1924 2920 scd
1951 2859 1983 2922 bt

487 2945 496 2967 '
600 2944 707 3020 morbi
732 2943 919 3023 brevitatem
960 2949 1131 3048 perandum
1154 2945 1237 3026 tiit,
1257 2966 1369 3017 contra
1394 2968 1469 3019 vcro
1494 2942 1613 3044 semper
1636 2947 1853 3021 diffidendum
1878 2973 1979 3045 quun

598 3053 693 3120 urina
717 3052 819 3120 tenuis
845 3044 978 3119 &alba
1003 3050 1143 3120 cernitur
1166 3052 1202 3117 dt
1226 3046 1288 3116 fine
1312 3044 1505 3141 hypostasi.-
1538 3046 1651 3117 deinde
1684 3071 1762 3121 ueto
1798 3052 1854 3120 niir
1889 3055 1980 3146 hypo

598 3147 679 3217 siaiu
701 3147 773 3223 eiict
796 3148 878 3243 quid
903 3145 1060 3219 desectum
1084 3146 1125 3217 dt
1148 3150 1279 3216 materia
1309 3139 1475 3216 morbifict
1510 3150 1581 3239 puri
1613 3152 1828 3242 proportione
1859 3149 1983 3244 respon·

598 3246 699 3323 dens,
724 3247 964 3339 humorumque
987 3247 1163 3317 ,outonem
1187 3270 1253 3315 non
1278 3244 1457 3323 indicaret,
1489 3239 1603 3313 frustra
1635 3244 1812 3319 confinem
1837 3248 1876 3315 de
1896 3250 1978 3317 ethi·

591 3335 707 3413 'bendis
730 3345 907 3415 cathartieit
930 3364 1093 3440 caperetur
1112 3388 1126 3425 ⁴,
1160 3366 1266 3437 quum
1302 3346 1394 3414 urina
1421 3338 1592 3414 laudabilis
1616 3364 1750 3441 apparet
1783 3350 1821 3417 in
1844 3345 1974 3429 colore,

591 3436 791 3513 consistentia
817 3447 851 3514 ut
875 3446 1030 3519 contentis
1053 3470 1062 3513 r
1085 3443 1240 3516 concocta
1269 3446 1354 3518 enim
1379 3444 1526 3516 medicati
1558 3461 1658 3539 etque
1693 3468 1824 3523 movere
1858 3466 1974 3545 oportct

593 3566 664 3612 non
688 3542 788 3614 cruda
809 3546 896 3631 juxta
919 3540 1089 3643 aphorismi
1114 3546 1305 3619 ueritatem.
1339 3546 1385 3617 At
1420 3557 1521 3642 neque
1544 3544 1776 3625 medicamento
1814 3547 1905 3617 iocus
1927 3548 1977 3617 eiie

588 3636 693 3736 potest
716 3647 751 3713 δι
774 3642 937 3737 quamdiu
963 3648 1062 3715 uriuae
1086 3660 1191 3715 tenues
1214 3664 1389 3744 apparent,
1413 3646 1543 3717 ,uuo
1566 3669 1632 3715 non
1655 3645 1853 3720 solvuntur..
1883 3648 1978 3716 Putris

593 3744 627 3808 iu
653 3740 720 3811 aliis
746 3736 863 3812 morbis
887 3744 1048 3841 putridis.
1083 3746 1122 3811 ln
1148 3744 1206 3812 iliis
1231 3744 1400 3838 hypostasis
1435 3748 1476 3814 ad
1501 3765 1562 3841 pus
1594 3744 1712 3814 accedit
1743 3739 1790 3815 ob
1812 3746 1981 3839 quatiente

592 3836 766 3913 manifestas
790 3866 799 3909 ι
824 3845 857 3911 in
881 3842 1018 3938 putridis
1042 3836 1163 3922 morbis
1187 3846 1319 4011 propius
1351 3844 1393 3911 ad
1429 3865 1491 3938 pus
1524 3844 1643 3913 accedit
1667 3862 1739 3914 tum
1761 3836 1805 3911 ob
1829 3844 1982 3935 quaiita·

589 3955 634 4007 tes
657 3944 694 4009 bc
719 3958 810 4009 notas
836 3938 1039 4020 manifestas,
1073 3958 1146 4013 tum
1170 3966 1192 4010 o
1240 3943 1403 4016 materiam
1436 3936 1536 4037 ipsam
1569 3962 1644 4034 quae
1676 3946 1709 4011 in
1738 3934 1768 4009 se
1792 3944 1830 4009 bt
1852 3944 1981 4011 ratione

588 4032 636 4105 sui
659 4036 771 4107 cadem
795 4036 838 4106 cst
862 4060 899 4108 ac
923 4061 961 4109 ea
985 4060 1058 4134 qua
1081 4034 1378 4112 obscedumsacit.
1414 4042 1519 4114 immo
1541 4062 1616 4133 qua
1636 4044 1673 4109 ‘in
1698 4034 1784 4109 febre
1808 4032 1981 4111 abscessum

587 4128 683 4212 facit,
710 4158 780 4231 pars
803 4132 846 4205 est
871 4136 958 4207 iiiios
982 4142 1123 4219 materiei
1146 4161 1220 4232 que
1246 4134 1395 4236 pervasi
1421 4158 1586 4233 vagatur.
1621 4139 1683 4209 Sed
1710 4138 1868 4209 iocorum
1891 4142 1980 4211 diffe-

585 4234 709 4310 rentia,
733 4238 769 4305 dt
793 4235 904 4305 eaioris
930 4238 1044 4331 agendi
1069 4236 1201 4315 modus,
1227 4242 1262 4307 δι
1289 4241 1335 4309 vit
1360 4243 1498 4335 partium
1522 4240 1710 4311 interiorum
1734 4240 1811 4311 idea
1835 4234 1978 4310 fecitdu-

584 4324 663 4400 t'erre
686 4352 748 4429 put
773 4338 807 4405 δι
831 4332 1028 4431 hypostairn.
1055 4338 1095 4405 Et
1119 4354 1229 4408 tamen
1253 4358 1360 4409 reuera
1383 4336 1428 4407 eii
1452 4336 1529 4435 (epe
1553 4358 1625 4432 part
1658 4342 1811 4427 materiei
1837 4333 1981 4412 morbifi-

581 4452 647 4507 cae,
673 4430 735 4503 srvc
756 4434 823 4521 jam
847 4454 882 4503 ea
906 4434 982 4505 astu
1006 4434 1076 4505 ralis
1101 4434 1139 4504 fit
1164 4479 1176 4512 ,
1201 4433 1262 4508 stuc
1287 4435 1466 4533 potestate.
1501 4434 1594 4505 Nam
1630 4438 1764 4509 nulium
1791 4460 1914 4539 corpur
1936 4442 1984 4511 ia·

580 4545 668 4621 tegre
691 4524 804 4600 sanum
827 4530 985 4625 estquod
1010 4528 1102 4604 succo
1125 4534 1227 4603 crudo
1251 4559 1316 4605 non
1340 4530 1498 4607 abundet.
1525 4532 1648 4605 Suecut
1665 4558 1787 4610 aurem
1814 4543 1846 4609 it
1867 4540 1980 4613 under
2040 4525 2041 4534 ἵ

579 4628 673 4697 aliter
697 4622 756 4701 sest
781 4624 876 4711 habet
900 4638 934 4701 in
955 4634 1044 4725 agris
1069 4638 1104 4703 dt
1129 4636 1163 4701 in
1186 4626 1294 4703 sanic.
1331 4638 1370 4702 Et
1397 4637 1458 4705 hoc
1483 4628 1636 4729 imposuit
1666 4638 1704 4703 iis
1728 4640 1799 4731 qui
1827 4640 1869 4711 de
1891 4640 1978 4711 indu·

576 4724 671 4806 stria,
695 4726 855 4798 Galenum
879 4752 1066 4827 oppugnare
1091 4731 1282 4804 voluerunt.
1308 4730 1399 4803 Nam
1420 4727 1616 4803 admirabilis
1634 4732 1678 4805 eu
1696 4736 1898 4812 humorum
1911 4762 1978 4809 con·

578 4824 685 4895 fluxus
710 4851 730 4898 a
756 4823 937 4898 mestrraterio
962 4836 996 4898 δι
1022 4832 1090 4901 aliis
1118 4824 1263 4927 partibus
1280 4834 1320 4900 ‘in
1346 4854 1473 4911 ventu,
1506 4838 1543 4904 δι
1575 4854 1597 4901 a
1632 4837 1720 4907 venit
1747 4838 1791 4908 in
1817 4862 1926 4912 reno.
1944 4842 1978 4909 Et

573 4928 633 5017 qui
658 4926 838 4997 existimant
862 4934 894 4996 in
923 4924 1059 5018 synoeiro
1087 4924 1271 5022 sanguinem
1293 4934 1327 4999 in
1353 4935 1432 5006 uitio
1457 4956 1521 5001 non
1545 4929 1633 5005 esic,
1667 4956 1736 5003 non
1767 4940 1906 5034 ponant
1926 4933 1971 5009 nir·

569 5018 753 5119 personuere
776 5022 977 5126 byprstrscot
1014 5036 1182 5100 materian
1217 5030 1344 5125 aliquid
1377 5030 1435 5103 eise
1467 5033 1507 5101 dc
1545 5034 1676 5101 materia
1701 5032 1909 5114 morbidet·
1927 5039 1966 5103 At

1860 5206 1866 5213 .
1894 5156 1946 5230 1¹¹
