4434 6000
2042 343 2045 481 l

660 604 731 669 244
887 571 1730 650 cuttrtnrsntsoutr

601 722 673 774 tum
700 700 794 773 initio
817 703 908 796 quod
932 697 1072 794 duplices
1096 691 1190 765 client
1227 687 1375 756 humores
1400 681 1504 762 bilioli
1539 700 1713 769 detrudi.
1746 697 1848 788 Qtod
1875 716 1994 768 nomn·

599 803 703 879 dutus
729 803 807 872 hinc
834 802 873 869 fir
898 817 935 868 ut
959 795 1094 890 quidam
1121 795 1204 862 intra
1228 787 1295 854 dies
1318 781 1433 883 septem
1459 786 1631 864 liberentur
1655 797 1796 893 periculo
1820 799 1857 865 δι
1884 793 1994 875 febre.

595 900 720 970 domito
753 902 889 972 humore
924 901 1095 966 tenuiore.
1133 887 1193 962 sed
1228 883 1354 954 craffior
1387 889 1506 960 humor
1541 887 1609 962 suas
1651 894 1855 989 postmodum
1915 915 1996 967 artes

596 1005 695 1093 agit.-
723 999 817 1090 hujus
841 1012 1073 1087 argumentum
1100 993 1134 1060 in
1169 984 1324 1083 hypostasi
1357 985 1481 1059 elucet.
1518 994 1558 1064 Er
1582 992 1663 1061 illud
1695 994 1740 1064 eli
1763 997 1856 1088 quod
1888 921 1994 1068 lla&

594 1093 822 1192 debilitataquc
848 1103 879 1170 vi
905 1087 1008 1164 morbi
1033 1140 1045 1173 ,
1069 1109 1128 1161 aut
1152 1082 1292 1185 profufio
1317 1087 1441 1168 urinaet
1474 1108 1533 1158 aut
1564 1091 1628 1163 alvi
1662 1092 1861 1189 profluvium
1888 1091 1995 1189 stqui·

598 1213 655 1268 tut
680 1218 840 1291 agrorum
865 1193 1052 1266 commodo.
1081 1185 1234 1262 Pollcrius
1259 1203 1385 1262 autem,
1408 1189 1497 1282 quod
1523 1213 1626 1284 quum
1662 1190 1833 1288 hypostasts
1864 1195 1992 1272 adest,

599 1316 698 1387 eaque
723 1290 950 1366 laudabilis&
976 1291 1101 1368 multa,
1124 1287 1252 1356 nullum
1277 1282 1321 1352 cll
1346 1282 1396 1355 vel
1418 1289 1574 1384 exiguum
1609 1292 1873 1364 medicamentum
1896 1297 1995 1389 quod

599 1417 664 1462 non
690 1390 886 1465 admirabiles
911 1391 1039 1462 effeetus
1064 1382 1184 1458 habeat
1208 1432 1217 1451 .
1244 1385 1348 1450 immo
1370 1406 1474 1477 quum
1499 1386 1668 1482 hypostatis
1691 1410 1856 1487 apparet,
1887 1415 1993 1488 taque

600 1511 693 1562 notas
725 1489 821 1563 haber
856 1487 923 1563 suas
955 1535 967 1568 ,
996 1493 1030 1558 δι
1065 1488 1276 1584 pertentat.
1309 1482 1379 1579 plus
1410 1508 1477 1553 uno
1515 1487 1781 1559 medicamentulo
1822 1491 1993 1588 proficitur

599 1613 698 1684 quam
723 1593 889 1661 duodecim
914 1593 1010 1660 ctiam
1036 1587 1171 1661 ualidis,
1192 1601 1270 1652 tunc
1296 1601 1401 1674 quum
1425 1592 1535 1654 omnia
1558 1588 1658 1660 cruda
1681 1587 1867 1660 exiistunt:
1902 1595 1990 1665 unde

602 1689 784 1784 colligimus
808 1684 1007 1787 hypolbrseos
1031 1689 1117 1756 illius
1143 1681 1309 1752 materiam
1333 1696 1453 1776 partem
1479 1685 1535 1754 elle
1559 1687 1705 1759 humoris
1728 1682 1884 1759 morbum
1902 1715 1991 1763 com.

601 1792 785 1862 mittentis:
809 1793 844 1856 dt
870 1790 926 1859 uisi
950 1805 1161 1859 averteremus
1183 1773 1310 1852 cutsum
1335 1779 1419 1848 illius
1443 1789 1580 1856 materia
1604 1808 1660 1883 per
1683 1791 1819 1865 urinas,
1841 1791 1980 1880 deiecto-

602 1890 656 1955 tiis
682 1888 938 1963 medicamentis,
962 1883 1133 1954 diutillimc
1157 1883 1250 1949 urina
1274 1878 1447 1975 ptollueree
1467 1907 1539 1954 cum
1567 1886 1669 1956 multu
1693 1886 1878 1984 hypoliafi.
1914 1892 1988 1960 Un-

599 1985 639 2054 dc
664 1980 793 2056 morbos
816 1981 971 2080 quosdam
997 1988 1094 2054 urina
1120 1980 1229 2050 multa
1255 2022 1267 2056 s
1290 1972 1429 2058 trallae,
1461 1983 1565 2078 qualis
1592 1985 1776 2080 Archigenis
1811 1985 1902 2059 servo
1925 1991 1988 2061 flu·

602 2089 683 2162 ait,
719 2081 812 2154 fluxu
839 2081 957 2156 solutos
990 2083 1077 2179 apud
1114 2080 1267 2176 Hippoct.
1302 2076 1468 2170 legimus.
1504 2087 1689 2156 Avettlmus
1722 2105 1840 2157 aorem-
1862 2086 1988 2161 cursum

604 2181 698 2252 ilium
721 2178 848 2256 duabus
872 2185 911 2255 de
935 2184 1065 2259 caufis,
1102 2203 1168 2250 una
1191 2176 1356 2272 quidem,
1387 2184 1541 2272 quoniam
1567 2205 1632 2253 non
1657 2182 1731 2254 riler
1763 2179 1888 2258 bonum
1920 2213 1989 2258 om.

604 2304 677 2352 nem
710 2286 874 2356 materiam
911 2276 1113 2352 morbificam
1147 2300 1168 2349 a
1200 2269 1383 2345 mesenterio
1415 2281 1541 2350 traduci
1584 2303 1640 2380 per
1670 2279 1791 2451 {ibbas
1829 2288 1986 2386 lupam,

604 2380 696 2478 quod
720 2384 823 2454 hercle
847 2387 935 2456 ficret
958 2382 1015 2451 nifi
1039 2381 1286 2475 impediremus.
1323 2373 1431 2446 Altera
1458 2424 1468 2456 ,
1501 2383 1593 2473 quod
1625 2383 1759 2476 dyuria
1782 2389 1819 2455 dt
1845 2386 1989 2480 unago.

601 2487 656 2550 riae
682 2483 908 2554 inducerentur
932 2475 1040 2576 sape.
1068 2477 1199 2549 Accedit
1223 2473 1314 2570 quod
1336 2472 1502 2549 confertim
1539 2483 1641 2574 magis
1665 2503 1725 2582 per
1755 2484 1863 2558 alvom
1886 2506 1994 2582 quam

603 2601 661 2674 per
684 2601 778 2651 venas
802 2584 837 2650 δι
862 2599 948 2652 tenes
969 2579 1133 2647 educitur.
1165 2579 1212 2641 Ac
1236 2593 1295 2642 rsus
1316 2572 1467 2648 nmmos
1490 2571 1659 2653 observatio
1680 2585 1713 2652 in
1735 2584 1881 2676 quadam
1917 2605 1991 2656 mu·

437 2669 483 2720 ἶν’
600 2675 675 2746 licre
699 2700 773 2770 qua
796 2671 881 2749 lebre
904 2677 1035 2776 putrida
1064 2666 1264 2749 laborabat,
1298 2693 1403 2765 quum
1439 2678 1551 2750 omnia
1584 2681 1804 2752 medicammta
1836 2703 1993 2778 purgan-

601 2781 647 2846 tia
672 2772 887 2855 asersaretur‘,
913 2781 948 2847 de
972 2794 1079 2846 tamen
1104 2773 1289 2870 purgationi
1309 2770 1399 2844 locus
1421 2775 1522 2853 edet,
1554 2801 1609 2875 per
1636 2779 1707 2850 οᾶο
1740 2774 1858 2850 menies
1882 2783 1993 2850 conti·

603 2897 685 2944 nuos
709 2867 815 2947 urinas
838 2878 946 2948 crallas
970 2876 1071 2946 multa
1104 2873 1234 2942 materia
1267 2862 1343 2939 alba
1374 2873 1410 2938 dt
1446 2879 1619 2972 purulenta
1652 2882 1758 2978 plenas
1788 2879 1991 2950 excteriiie.

603 2977 729 3050 Revera
749 2979 884 3050 materia
908 2991 978 3049 etat
1001 2967 1111 3046 febris.
1136 2974 1177 3043 Et
1199 2961 1378 3043 incredibile
1401 2970 1490 3047 disto
1515 2994 1675 3071 quantum
1708 2981 1855 3050 misseris
1876 3028 1885 3046 .
1908 2977 1990 3070 Qti·

474 3140 479 3159 ,
602 3075 678 3145 dtm
702 3072 872 3149 abl'cellum
897 3082 931 3148 in
956 3068 1086 3146 renibus
1108 3070 1165 3143 elle
1188 3062 1421 3141 existimabant.
1445 3074 1505 3147 Sed
1529 3096 1660 3155 contra,
1683 3081 1816 3150 materia
1842 3081 1901 3150 illa
1916 3102 1988 3174 qua

608 3171 698 3244 lacilc
724 3200 778 3273 per
802 3177 914 3249 alvum
948 3172 1130 3253 ketillum,
1164 3164 1292 3240 subibat
1326 3191 1422 3242 venas
1451 3179 1514 3263 jam
1548 3175 1665 3254 coma,
1697 3169 1885 3273 putrefafia
1917 3182 1988 3261 (ut

601 3266 702 3357 verbo
723 3278 932 3367 antiquorum
957 3276 1067 3357 utar)
1094 3278 1128 3342 dt
1153 3274 1348 3340 mitificato:
1384 3274 1420 3340 dt
1454 3271 1630 3370 hypostasin
1654 3276 1795 3348 multam
1819 3270 1986 3350 faciebat.

601 3374 810 3463 Argumento
830 3372 900 3451 eli,
937 3372 1027 3466 quod
1063 3394 1101 3439 eo
1134 3373 1234 3438 urinae
1258 3368 1421 3467 profluuio
1439 3367 1560 3455 ¹tnutbo
1600 3367 1817 3473 symptomstis
1853 3376 1991 3449 terrificis

605 3468 782 3566 plenillrmo
806 3464 940 3541 liberata
964 3468 1035 3540 cll.
1070 3472 1117 3537 At
1141 3468 1404 3539 medicamentum
1429 3493 1532 3541 unum
1564 3492 1664 3567 atque
1696 3478 1833 3547 alterum
1859 3478 1916 3547 ltoc
1938 3492 1989 3542 tu-

603 3590 678 3638 tum
703 3565 762 3667 sup
815 3570 936 3643 villtt.
968 3568 1119 3638 Praeterea
1143 3566 1223 3665 illud
1254 3570 1352 3636 etiam
1384 3562 1543 3643 obstruati
1567 3571 1669 3668 potest
1703 3578 1737 3644 in
1767 3579 1807 3645 iis
1837 3576 1896 3671 qui
1929 3572 1988 3640 diu

600 3664 720 3739 morbo
744 3692 763 3739 a
812 3668 946 3739 humore
971 3670 1112 3765 portenti
1135 3684 1211 3735 nato
1234 3660 1358 3758 fatigati
1383 3663 1485 3747 stunt,
1506 3672 1540 3736 δι
1565 3666 1724 3743 obstinato
1751 3675 1895 3767 quotiam
1919 3674 1987 3742 ani-

600 3790 658 3837 mo
681 3792 701 3840 a
724 3768 958 3840 medicamentis
980 3763 1228 3840 abstinuerunt,
1253 3782 1322 3833 tota
1341 3771 1442 3835 mado
1464 3763 1627 3861 lmguinis
1643 3767 1826 3847 unicust.
1850 3776 1887 3841 dt
1906 3790 1992 3865 pro·

602 3873 685 3939 sime
710 3869 752 3938 ad
776 3890 837 3965 pus
861 3866 999 3940 accedit.
1027 3867 1132 3934 immo
1154 3868 1187 3932 in
1214 3862 1678 3961 leucophlegnstiasiucidutr
1710 3868 1826 3943 dmm
1863 3888 1993 3964 purga·

604 3973 732 4039 tionis:
765 3971 844 4060 quia
876 3967 1160 4037 communicatione
1194 3965 1369 4059 putredinis
1402 4011 1412 4043 ,
1454 3970 1545 4053 cujus
1577 3969 1698 4038 ltumor
1732 3964 1889 4060 subimus
1925 3988 1995 4037 non

604 4066 649 4133 cli
672 4062 839 4143 edulibus,
874 4078 981 4136 carnes
1011 4065 1232 4157 colliquantur
1265 4062 1297 4129 ds
1333 4058 1593 4144 contabescunt,
1625 4062 1752 4161 sctstguis
1783 4064 1911 4139 multus
1942 4088 1993 4135 vc·

412 4209 579 4351 tuni
602 4163 940 4334 libelluli
965 4162 1263 4334 limma}
1286 4164 1710 4355 iiiimxiiii:
1742 4162 1999 4363 &sibila

603 4369 638 4433 dt
664 4360 756 4430 fimas
777 4354 986 4439 stabulator,
1018 4366 1053 4432 dt
1085 4364 1120 4432 in
1152 4354 1301 4458 partibus
1330 4363 1464 4440 viciniss
1496 4356 1586 4432 facile
1617 4372 1702 4437 enim
1736 4372 1997 4465 corrumpitur.

603 4462 691 4533 Hinc
716 4454 852 4531 solvitur
875 4458 1026 4553 questio,
1048 4463 1108 4553 qui
1136 4461 1193 4529 liar
1216 4478 1255 4529 ut
1278 4454 1526 4553 irequeruillimc
1550 4456 1687 4533 sanioius
1721 4462 1860 4561 sarpis
1884 4490 1925 4537 est
1951 4486 1999 4535 te·

602 4566 646 4629 da·
666 4556 797 4637 bafilica
819 4556 1073 4637 ducator,'taro
1097 4578 1135 4628 er
1159 4559 1339 4655 cephalica.
1363 4558 1418 4627 ulfi
1442 4562 1555 4657 ingram
1588 4566 1622 4633 in
1656 4559 1883 4663 superioribus
1909 4566 1999 4665 pasti

600 4640 1045 4731 'insudannatiomem
1109 4683 1111 4685 ·
1157 4704 1161 4712 ‚
1403 4679 1427 4726 ιτ
1491 4713 1497 4727 .
1718 4686 1749 4719 ·ι
1798 4688 1804 4699 ·

627 4754 765 4829 -Reliat
793 4774 832 4827 ut
855 4760 947 4851 quod
984 4760 1128 4854 primum
1143 4778 1148 4787 ·
1163 4750 1269 4827 fuerat
1300 4782 1338 4831 ac
1365 4756 1602 4857 lpta'rcipuutn
1637 4766 1679 4833 du
1707 4768 1799 4856 euius
1823 4760 1933 4838 musa
1957 4763 2002 4837 lu·

598 4860 710 4955 lper'lor
734 4858 845 4926 omnis·
861 4852 1040 4955 disputatio
1058 4849 1196 4952 suscepta
1218 4854 1264 4925 cll
1286 4858 1583 4956 nspernamus.
1609 4863 1693 4934 illud
1719 4886 1798 4936 uero
1823 4866 1882 4936 est
1905 4891 1946 4939 au
1968 4868 1999 4935 it

602 4958 751 5049 analogia
776 4962 859 5026 inter
884 4951 1061 5053 hypostasin
1086 4958 1123 5026 lle
1147 4975 1238 5051 pus,
1260 4958 1296 5024 de
1319 4979 1361 5027 an
1385 4956 1557 5054 hypollafis
1582 4960 1620 5032 fir
1645 4984 1719 5061 puts
1742 4972 1901 5045 materie
1925 4970 2000 5045 riuos

605 5048 780 5125 morbificat
802 5076 878 5149 qua
902 5056 935 5125 in
959 5046 1102 5127 lebribus
1125 5046 1274 5152 putrescit
1295 5058 1420 5132 ..Duo
1445 5060 1529 5129 enim
1554 5056 1616 5133 illa
1638 5063 1800 5137 coherent
1825 5086 1848 5149 ,·
1889 5090 1932 5139 ae
1967 5064 2004 5133 de

1895 5190 1966 5241 unu
