<?xml version="1.0" encoding="UTF-8"?>
<!DOCTYPE html PUBLIC "-//W3C//DTD XHTML 1.0 Transitional//EN"
    "http://www.w3.org/TR/xhtml1/DTD/xhtml1-transitional.dtd">
<html xmlns="http://www.w3.org/1999/xhtml" xml:lang="en" lang="en">
 <head>
  <title>
</title>
<meta http-equiv="Content-Type" content="text/html;charset=utf-8" />
  <meta name='ocr-system' content='tesseract 3.04.00' />
  <meta name='ocr-capabilities' content='ocr_page ocr_carea ocr_par ocr_line ocrx_word'/>
</head>
<body>
  <div class='ocr_page' id='page_1' title='image "./operaomniamedic01thgoog/operaomniamedic01thgoog_0279.png"; bbox 0 0 4434 6000; ppageno 0'>
   <div class='ocr_carea' id='block_1_1' title="bbox 414 492 1582 582">
    <p class='ocr_par' dir='ltr' id='par_1_1' title="bbox 414 492 1582 582">
     <span class='ocr_line' id='line_1_1' title="bbox 414 492 1582 582; baseline 0.009 -11"><span class='ocrx_word' id='word_1_1' title='bbox 414 501 578 574; x_wconf 80' lang='lat' dir='ltr'>LIBER</span> <span class='ocrx_word' id='word_1_2' title='bbox 614 506 684 576; x_wconf 82' lang='lat' dir='ltr'>DE</span> <span class='ocrx_word' id='word_1_3' title='bbox 721 497 1057 576; x_wconf 82' lang='lat' dir='ltr'>URlNARUM</span> <span class='ocrx_word' id='word_1_4' title='bbox 1088 492 1445 580; x_wconf 74' lang='lat' dir='ltr'>Hrrosrasr.</span> <span class='ocrx_word' id='word_1_5' title='bbox 1512 517 1582 582; x_wconf 70' lang='lat' dir='ltr'>adt</span> 
     </span>
    </p>
   </div>
   <div class='ocr_carea' id='block_1_2' title="bbox 229 620 1750 3187">
    <p class='ocr_par' dir='ltr' id='par_1_2' title="bbox 238 620 1750 1290">
     <span class='ocr_line' id='line_1_2' title="bbox 240 620 1646 724; baseline 0.008 -33"><span class='ocrx_word' id='word_1_6' title='bbox 240 621 421 694; x_wconf 77' lang='lat' dir='ltr'>indicatur.</span> <span class='ocrx_word' id='word_1_7' title='bbox 449 621 626 714; x_wconf 71' lang='lat' dir='ltr'>AEgrrrudo</span> <span class='ocrx_word' id='word_1_8' title='bbox 650 622 722 708; x_wconf 89' lang='lat' dir='ltr'>(aie</span> <span class='ocrx_word' id='word_1_9' title='bbox 741 621 843 706; x_wconf 85' lang='lat' dir='ltr'>Gal.)</span> <span class='ocrx_word' id='word_1_10' title='bbox 875 624 910 688; x_wconf 88' lang='lat' dir='ltr'>in</span> <span class='ocrx_word' id='word_1_11' title='bbox 943 639 1011 714; x_wconf 85' lang='lat' dir='ltr'>qua</span> <span class='ocrx_word' id='word_1_12' title='bbox 1043 620 1124 692; x_wconf 82' lang='lat' dir='ltr'>tales</span> <span class='ocrx_word' id='word_1_13' title='bbox 1147 624 1248 694; x_wconf 74' lang='lat' dir='ltr'>urinae</span> <span class='ocrx_word' id='word_1_14' title='bbox 1280 647 1460 723; x_wconf 73' lang='lat' dir='ltr'>apparent,</span> <span class='ocrx_word' id='word_1_15' title='bbox 1492 632 1646 724; x_wconf 66' lang='lat' dir='ltr'>produci-¹</span> 
     </span>
     <span class='ocr_line' id='line_1_3' title="bbox 238 715 1750 823; baseline 0.009 -34"><span class='ocrx_word' id='word_1_16' title='bbox 238 739 326 800; x_wconf 87' lang='lat' dir='ltr'>tur,</span> <span class='ocrx_word' id='word_1_17' title='bbox 351 721 431 810; x_wconf 89' lang='lat' dir='ltr'>quia</span> <span class='ocrx_word' id='word_1_18' title='bbox 454 717 615 816; x_wconf 83' lang='lat' dir='ltr'>disposrtio</span> <span class='ocrx_word' id='word_1_19' title='bbox 648 719 784 789; x_wconf 87' lang='lat' dir='ltr'>multam</span> <span class='ocrx_word' id='word_1_20' title='bbox 824 721 957 813; x_wconf 84' lang='lat' dir='ltr'>requirit</span> <span class='ocrx_word' id='word_1_21' title='bbox 992 715 1195 788; x_wconf 64' lang='lat' dir='ltr'>coitionem.</span> <span class='ocrx_word' id='word_1_22' title='bbox 1232 726 1298 802; x_wconf 82' lang='lat' dir='ltr'>Ar.</span> <span class='ocrx_word' id='word_1_23' title='bbox 1330 749 1406 819; x_wconf 74' lang='lat' dir='ltr'>qua</span> <span class='ocrx_word' id='word_1_24' title='bbox 1437 723 1639 823; x_wconf 70' lang='lat' dir='ltr'>dispofitiot</span> <span class='ocrx_word' id='word_1_25' title='bbox 1746 741 1750 754; x_wconf 87' lang='lat'><em>&#39;</em></span> 
     </span>
     <span class='ocr_line' id='line_1_4' title="bbox 239 817 1638 921; baseline 0.007 -35"><span class='ocrx_word' id='word_1_26' title='bbox 239 818 296 886; x_wconf 83' lang='lat' dir='ltr'>Est</span> <span class='ocrx_word' id='word_1_27' title='bbox 320 821 405 889; x_wconf 88' lang='lat' dir='ltr'>enim</span> <span class='ocrx_word' id='word_1_28' title='bbox 428 821 535 914; x_wconf 88' lang='lat' dir='ltr'>potius</span> <span class='ocrx_word' id='word_1_29' title='bbox 557 823 780 915; x_wconf 71' lang='lat' dir='ltr'>intemperies,</span> <span class='ocrx_word' id='word_1_30' title='bbox 804 840 903 912; x_wconf 85' lang='lat' dir='ltr'>quam</span> <span class='ocrx_word' id='word_1_31' title='bbox 929 817 1105 888; x_wconf 87' lang='lat' dir='ltr'>humorum</span> <span class='ocrx_word' id='word_1_32' title='bbox 1129 823 1241 916; x_wconf 87' lang='lat' dir='ltr'>copia.</span> <span class='ocrx_word' id='word_1_33' title='bbox 1268 823 1370 894; x_wconf 80' lang='lat' dir='ltr'>Calor</span> <span class='ocrx_word' id='word_1_34' title='bbox 1393 823 1436 896; x_wconf 80' lang='lat' dir='ltr'>est</span> <span class='ocrx_word' id='word_1_35' title='bbox 1460 829 1638 921; x_wconf 75' lang='lat' dir='ltr'>colliquane</span> 
     </span>
     <span class='ocr_line' id='line_1_5' title="bbox 239 907 1640 1013; baseline 0.004 -25"><span class='ocrx_word' id='word_1_36' title='bbox 239 919 275 988; x_wconf 78' lang='grc' dir='ltr'>δι</span> <span class='ocrx_word' id='word_1_37' title='bbox 302 907 432 988; x_wconf 80' lang='lat' dir='ltr'>morbus</span> <span class='ocrx_word' id='word_1_38' title='bbox 455 935 568 990; x_wconf 80' lang='lat' dir='ltr'>acutus</span> <span class='ocrx_word' id='word_1_39' title='bbox 592 918 664 993; x_wconf 83' lang='lat' dir='ltr'>eil,</span> <span class='ocrx_word' id='word_1_40' title='bbox 689 935 747 988; x_wconf 85' lang='lat' dir='ltr'>aut</span> <span class='ocrx_word' id='word_1_41' title='bbox 770 910 953 1008; x_wconf 79' lang='lat' dir='ltr'>sanguinem</span> <span class='ocrx_word' id='word_1_42' title='bbox 973 915 1136 996; x_wconf 79' lang='lat' dir='ltr'>adurens,</span> <span class='ocrx_word' id='word_1_43' title='bbox 1161 924 1195 983; x_wconf 78' lang='lat' dir='ltr'>dc</span> <span class='ocrx_word' id='word_1_44' title='bbox 1220 920 1336 1013; x_wconf 78' lang='lat' dir='ltr'>longus</span> <span class='ocrx_word' id='word_1_45' title='bbox 1364 923 1433 992; x_wconf 84' lang='lat' dir='ltr'>fit.</span> <span class='ocrx_word' id='word_1_46' title='bbox 1468 925 1530 992; x_wconf 91' lang='lat' dir='ltr'>illo</span> <span class='ocrx_word' id='word_1_47' title='bbox 1553 930 1640 998; x_wconf 75' lang='lat' dir='ltr'>calo.</span> 
     </span>
     <span class='ocr_line' id='line_1_6' title="bbox 239 1009 1637 1118; baseline 0.004 -33"><span class='ocrx_word' id='word_1_48' title='bbox 239 1037 274 1085; x_wconf 89' lang='lat' dir='ltr'>re</span> <span class='ocrx_word' id='word_1_49' title='bbox 299 1013 433 1114; x_wconf 74' lang='lat' dir='ltr'>represso</span> <span class='ocrx_word' id='word_1_50' title='bbox 458 1013 591 1086; x_wconf 82' lang='lat' dir='ltr'>morbus</span> <span class='ocrx_word' id='word_1_51' title='bbox 614 1015 724 1086; x_wconf 85' lang='lat' dir='ltr'>ceilare</span> <span class='ocrx_word' id='word_1_52' title='bbox 747 1009 860 1085; x_wconf 88' lang='lat' dir='ltr'>debere</span> <span class='ocrx_word' id='word_1_53' title='bbox 886 1016 1042 1086; x_wconf 78' lang='lat' dir='ltr'>videtur.</span> <span class='ocrx_word' id='word_1_54' title='bbox 1080 1015 1122 1082; x_wconf 83' lang='lat' dir='ltr'>Et</span> <span class='ocrx_word' id='word_1_55' title='bbox 1146 1015 1317 1112; x_wconf 83' lang='lat' dir='ltr'>hypoliafis</span> <span class='ocrx_word' id='word_1_56' title='bbox 1339 1043 1376 1092; x_wconf 87' lang='lat' dir='ltr'>ea</span> <span class='ocrx_word' id='word_1_57' title='bbox 1400 1044 1473 1118; x_wconf 85' lang='lat' dir='ltr'>pars</span> <span class='ocrx_word' id='word_1_58' title='bbox 1496 1023 1541 1097; x_wconf 76' lang='lat' dir='ltr'>eli</span> <span class='ocrx_word' id='word_1_59' title='bbox 1566 1049 1637 1096; x_wconf 82' lang='lat' dir='ltr'>ma.</span> 
     </span>
     <span class='ocr_line' id='line_1_7' title="bbox 239 1109 1636 1210; baseline 0.001 -27"><span class='ocrx_word' id='word_1_60' title='bbox 239 1119 327 1185; x_wconf 81' lang='lat' dir='ltr'>teriae</span> <span class='ocrx_word' id='word_1_61' title='bbox 352 1109 549 1194; x_wconf 80' lang='lat' dir='ltr'>morbificae,</span> <span class='ocrx_word' id='word_1_62' title='bbox 574 1110 699 1210; x_wconf 84' lang='lat' dir='ltr'>sanguis</span> <span class='ocrx_word' id='word_1_63' title='bbox 723 1113 812 1184; x_wconf 83' lang='lat' dir='ltr'>ullus</span> <span class='ocrx_word' id='word_1_64' title='bbox 836 1112 878 1182; x_wconf 86' lang='lat' dir='ltr'>cll</span> <span class='ocrx_word' id='word_1_65' title='bbox 901 1113 1077 1182; x_wconf 69' lang='lat' dir='ltr'>restionem</span> <span class='ocrx_word' id='word_1_66' title='bbox 1111 1137 1178 1182; x_wconf 88' lang='lat' dir='ltr'>non</span> <span class='ocrx_word' id='word_1_67' title='bbox 1211 1125 1406 1208; x_wconf 85' lang='lat' dir='ltr'>requirens,</span> <span class='ocrx_word' id='word_1_68' title='bbox 1430 1125 1466 1194; x_wconf 77' lang='grc' dir='ltr'>δι</span> <span class='ocrx_word' id='word_1_69' title='bbox 1498 1145 1538 1193; x_wconf 81' lang='lat' dir='ltr'>eo</span> <span class='ocrx_word' id='word_1_70' title='bbox 1571 1120 1636 1194; x_wconf 64' lang='lat' dir='ltr'>aas.</span> 
     </span>
     <span class='ocr_line' id='line_1_8' title="bbox 239 1205 1620 1290; baseline 0.006 -8"><span class='ocrx_word' id='word_1_71' title='bbox 239 1205 328 1283; x_wconf 77' lang='lat' dir='ltr'>sante</span> <span class='ocrx_word' id='word_1_72' title='bbox 343 1212 474 1290; x_wconf 85' lang='lat' dir='ltr'>calore,</span> <span class='ocrx_word' id='word_1_73' title='bbox 498 1213 588 1284; x_wconf 87' lang='lat' dir='ltr'>cellar</span> <span class='ocrx_word' id='word_1_74' title='bbox 613 1219 707 1286; x_wconf 84' lang='lat' dir='ltr'>urina</span> <span class='ocrx_word' id='word_1_75' title='bbox 730 1205 904 1290; x_wconf 55' lang='lat' dir='ltr'>wrw&#39;lvs·</span> <span class='ocrx_word' id='word_1_76' title='bbox 972 1243 976 1250; x_wconf 92' lang='lat'>·</span> <span class='ocrx_word' id='word_1_77' title='bbox 1617 1210 1620 1215; x_wconf 41' lang='lat'><strong>⁴</strong></span> 
     </span>
    </p>

    <p class='ocr_par' dir='ltr' id='par_1_3' title="bbox 229 1309 1636 3187">
     <span class='ocr_line' id='line_1_9' title="bbox 291 1309 1634 1404; baseline 0.007 -20"><span class='ocrx_word' id='word_1_78' title='bbox 291 1314 442 1384; x_wconf 82' lang='lat' dir='ltr'>Ceterum</span> <span class='ocrx_word' id='word_1_79' title='bbox 468 1333 533 1383; x_wconf 88' lang='lat' dir='ltr'>non</span> <span class='ocrx_word' id='word_1_80' title='bbox 555 1311 640 1388; x_wconf 74' lang='lat' dir='ltr'>valet</span> <span class='ocrx_word' id='word_1_81' title='bbox 662 1319 747 1384; x_wconf 83' lang='lat' dir='ltr'>tatio</span> <span class='ocrx_word' id='word_1_82' title='bbox 771 1309 900 1384; x_wconf 85' lang='lat' dir='ltr'>Fetoelii</span> <span class='ocrx_word' id='word_1_83' title='bbox 924 1313 1016 1404; x_wconf 86' lang='lat' dir='ltr'>quod</span> <span class='ocrx_word' id='word_1_84' title='bbox 1052 1313 1163 1384; x_wconf 86' lang='lat' dir='ltr'>eadem</span> <span class='ocrx_word' id='word_1_85' title='bbox 1196 1315 1330 1389; x_wconf 80' lang='lat' dir='ltr'>naenia</span> <span class='ocrx_word' id='word_1_86' title='bbox 1353 1312 1514 1390; x_wconf 84' lang='lat' dir='ltr'>sedimenti</span> <span class='ocrx_word' id='word_1_87' title='bbox 1539 1321 1577 1392; x_wconf 78' lang='lat' dir='ltr'>stt</span> <span class='ocrx_word' id='word_1_88' title='bbox 1599 1328 1634 1394; x_wconf 78' lang='lat' dir='ltr'>iu·</span> 
     </span>
     <span class='ocr_line' id='line_1_10' title="bbox 237 1405 1632 1516; baseline 0.011 -38"><span class='ocrx_word' id='word_1_89' title='bbox 237 1405 321 1480; x_wconf 81' lang='lat' dir='ltr'>sanis</span> <span class='ocrx_word' id='word_1_90' title='bbox 344 1418 380 1483; x_wconf 73' lang='lat' dir='ltr'>dc</span> <span class='ocrx_word' id='word_1_91' title='bbox 403 1414 525 1504; x_wconf 76' lang='lat' dir='ltr'>agris,</span> <span class='ocrx_word' id='word_1_92' title='bbox 557 1413 615 1482; x_wconf 83' lang='lat' dir='ltr'>nili</span> <span class='ocrx_word' id='word_1_93' title='bbox 639 1413 721 1483; x_wconf 88' lang='lat' dir='ltr'>dicat</span> <span class='ocrx_word' id='word_1_94' title='bbox 745 1408 881 1482; x_wconf 77' lang='lat' dir='ltr'>insanis</span> <span class='ocrx_word' id='word_1_95' title='bbox 905 1405 1032 1482; x_wconf 86' lang='lat' dir='ltr'>succum</span> <span class='ocrx_word' id='word_1_96' title='bbox 1054 1412 1114 1482; x_wconf 86' lang='lat' dir='ltr'>elle</span> <span class='ocrx_word' id='word_1_97' title='bbox 1133 1413 1271 1486; x_wconf 71' lang='lat' dir='ltr'>mudum</span> <span class='ocrx_word' id='word_1_98' title='bbox 1296 1413 1459 1489; x_wconf 76' lang='lat' dir='ltr'>facientem</span> <span class='ocrx_word' id='word_1_99' title='bbox 1485 1419 1632 1516; x_wconf 78' lang='lat' dir='ltr'>hyposta-</span> 
     </span>
     <span class='ocr_line' id='line_1_11' title="bbox 239 1506 1631 1612; baseline 0.009 -36"><span class='ocrx_word' id='word_1_100' title='bbox 239 1509 308 1589; x_wconf 86' lang='lat' dir='ltr'>srn,</span> <span class='ocrx_word' id='word_1_101' title='bbox 330 1511 411 1582; x_wconf 87' lang='lat' dir='ltr'>dum</span> <span class='ocrx_word' id='word_1_102' title='bbox 435 1510 544 1580; x_wconf 69' lang='lat' dir='ltr'>mistus</span> <span class='ocrx_word' id='word_1_103' title='bbox 567 1510 634 1590; x_wconf 82' lang='lat' dir='ltr'>eli,</span> <span class='ocrx_word' id='word_1_104' title='bbox 659 1517 692 1580; x_wconf 89' lang='lat' dir='ltr'>in</span> <span class='ocrx_word' id='word_1_105' title='bbox 715 1515 804 1603; x_wconf 75' lang='lat' dir='ltr'>agris</span> <span class='ocrx_word' id='word_1_106' title='bbox 828 1506 955 1580; x_wconf 83' lang='lat' dir='ltr'>succum</span> <span class='ocrx_word' id='word_1_107' title='bbox 980 1513 1076 1582; x_wconf 89' lang='lat' dir='ltr'>etiam</span> <span class='ocrx_word' id='word_1_108' title='bbox 1100 1512 1157 1582; x_wconf 80' lang='lat' dir='ltr'>ede</span> <span class='ocrx_word' id='word_1_109' title='bbox 1180 1513 1343 1594; x_wconf 78' lang='lat' dir='ltr'>crudum,</span> <span class='ocrx_word' id='word_1_110' title='bbox 1374 1518 1518 1588; x_wconf 82' lang='lat' dir='ltr'>camdem</span> <span class='ocrx_word' id='word_1_111' title='bbox 1553 1539 1631 1612; x_wconf 75' lang='lat' dir='ltr'>ergo</span> 
     </span>
     <span class='ocr_line' id='line_1_12' title="bbox 234 1607 1635 1711; baseline 0.002 -36"><span class='ocrx_word' id='word_1_112' title='bbox 234 1607 299 1678; x_wconf 81' lang='lat' dir='ltr'>elle</span> <span class='ocrx_word' id='word_1_113' title='bbox 325 1613 512 1681; x_wconf 71' lang='lat' dir='ltr'>materiam·</span> <span class='ocrx_word' id='word_1_114' title='bbox 538 1609 601 1679; x_wconf 87' lang='lat' dir='ltr'>Hic</span> <span class='ocrx_word' id='word_1_115' title='bbox 624 1627 732 1680; x_wconf 88' lang='lat' dir='ltr'>autern</span> <span class='ocrx_word' id='word_1_116' title='bbox 756 1610 799 1679; x_wconf 80' lang='lat' dir='ltr'>est</span> <span class='ocrx_word' id='word_1_117' title='bbox 824 1611 1033 1698; x_wconf 81' lang='lat' dir='ltr'>homonymia</span> <span class='ocrx_word' id='word_1_118' title='bbox 1066 1608 1195 1682; x_wconf 85' lang='lat' dir='ltr'>ludere.</span> <span class='ocrx_word' id='word_1_119' title='bbox 1229 1616 1267 1680; x_wconf 90' lang='lat' dir='ltr'>in</span> <span class='ocrx_word' id='word_1_120' title='bbox 1291 1611 1433 1711; x_wconf 86' lang='lat' dir='ltr'>utrisque</span> <span class='ocrx_word' id='word_1_121' title='bbox 1454 1634 1537 1686; x_wconf 88' lang='lat' dir='ltr'>certe</span> <span class='ocrx_word' id='word_1_122' title='bbox 1561 1613 1635 1689; x_wconf 85' lang='lat' dir='ltr'>suc.</span> 
     </span>
     <span class='ocr_line' id='line_1_13' title="bbox 238 1703 1636 1804; baseline 0.007 -28"><span class='ocrx_word' id='word_1_123' title='bbox 238 1729 298 1777; x_wconf 85' lang='lat' dir='ltr'>cus</span> <span class='ocrx_word' id='word_1_124' title='bbox 323 1707 366 1778; x_wconf 82' lang='lat' dir='ltr'>est</span> <span class='ocrx_word' id='word_1_125' title='bbox 389 1707 530 1785; x_wconf 79' lang='lat' dir='ltr'>crucies,</span> <span class='ocrx_word' id='word_1_126' title='bbox 554 1703 603 1779; x_wconf 71' lang='lat' dir='ltr'>led</span> <span class='ocrx_word' id='word_1_127' title='bbox 625 1711 660 1778; x_wconf 82' lang='lat' dir='ltr'>iu</span> <span class='ocrx_word' id='word_1_128' title='bbox 685 1703 765 1778; x_wconf 87' lang='lat' dir='ltr'>sanis</span> <span class='ocrx_word' id='word_1_129' title='bbox 786 1707 960 1804; x_wconf 81' lang='lat' dir='ltr'>hypostafis</span> <span class='ocrx_word' id='word_1_130' title='bbox 982 1707 1027 1778; x_wconf 84' lang='lat' dir='ltr'>est</span> <span class='ocrx_word' id='word_1_131' title='bbox 1052 1709 1132 1802; x_wconf 92' lang='lat' dir='ltr'>quid</span> <span class='ocrx_word' id='word_1_132' title='bbox 1154 1710 1327 1780; x_wconf 85' lang='lat' dir='ltr'>deciduum</span> <span class='ocrx_word' id='word_1_133' title='bbox 1349 1714 1390 1785; x_wconf 93' lang='lat' dir='ltr'>de</span> <span class='ocrx_word' id='word_1_134' title='bbox 1414 1719 1546 1784; x_wconf 87' lang='lat' dir='ltr'>materia</span> <span class='ocrx_word' id='word_1_135' title='bbox 1570 1716 1636 1786; x_wconf 90' lang='lat' dir='ltr'>ali·</span> 
     </span>
     <span class='ocr_line' id='line_1_14' title="bbox 239 1801 1632 1906; baseline 0.006 -32"><span class='ocrx_word' id='word_1_136' title='bbox 239 1811 368 1883; x_wconf 84' lang='lat' dir='ltr'>menti,</span> <span class='ocrx_word' id='word_1_137' title='bbox 392 1813 427 1878; x_wconf 70' lang='lat' dir='ltr'>Ge</span> <span class='ocrx_word' id='word_1_138' title='bbox 451 1801 607 1898; x_wconf 77' lang='lat' dir='ltr'>benigna:</span> <span class='ocrx_word' id='word_1_139' title='bbox 634 1809 664 1876; x_wconf 85' lang='lat' dir='ltr'>in</span> <span class='ocrx_word' id='word_1_140' title='bbox 685 1810 774 1900; x_wconf 76' lang='lat' dir='ltr'>agris</span> <span class='ocrx_word' id='word_1_141' title='bbox 790 1808 831 1876; x_wconf 88' lang='lat' dir='ltr'>de</span> <span class='ocrx_word' id='word_1_142' title='bbox 849 1824 953 1879; x_wconf 82' lang='lat' dir='ltr'>vetere</span> <span class='ocrx_word' id='word_1_143' title='bbox 968 1807 1144 1883; x_wconf 82' lang='lat' dir='ltr'>alimento,</span> <span class='ocrx_word' id='word_1_144' title='bbox 1163 1811 1462 1906; x_wconf 80' lang='lat' dir='ltr'>cujusparrquum</span> <span class='ocrx_word' id='word_1_145' title='bbox 1478 1809 1632 1891; x_wconf 86' lang='lat' dir='ltr'>casu,aue</span> 
     </span>
     <span class='ocr_line' id='line_1_15' title="bbox 236 1899 1633 2004; baseline 0.008 -31"><span class='ocrx_word' id='word_1_146' title='bbox 236 1927 340 1998; x_wconf 80' lang='lat' dir='ltr'>prava</span> <span class='ocrx_word' id='word_1_147' title='bbox 365 1899 566 2004; x_wconf 84' lang='lat' dir='ltr'>dispolirione</span> <span class='ocrx_word' id='word_1_148' title='bbox 591 1907 705 1978; x_wconf 76' lang='lat' dir='ltr'>vitium</span> <span class='ocrx_word' id='word_1_149' title='bbox 730 1909 889 2002; x_wconf 77' lang='lat' dir='ltr'>concepit.</span> <span class='ocrx_word' id='word_1_150' title='bbox 914 1900 1066 1976; x_wconf 77' lang='lat' dir='ltr'>morbum</span> <span class='ocrx_word' id='word_1_151' title='bbox 1092 1901 1186 1974; x_wconf 83' lang='lat' dir='ltr'>facit.</span> <span class='ocrx_word' id='word_1_152' title='bbox 1211 1905 1411 1981; x_wconf 75' lang='lat' dir='ltr'>Nemorum</span> <span class='ocrx_word' id='word_1_153' title='bbox 1434 1904 1633 1984; x_wconf 79' lang='lat' dir='ltr'>berrenutri·</span> 
     </span>
     <span class='ocr_line' id='line_1_16' title="bbox 235 1999 1630 2104; baseline 0.001 -33"><span class='ocrx_word' id='word_1_154' title='bbox 235 2020 316 2080; x_wconf 84' lang='lat' dir='ltr'>tur,</span> <span class='ocrx_word' id='word_1_155' title='bbox 341 2008 421 2095; x_wconf 87' lang='lat' dir='ltr'>quin</span> <span class='ocrx_word' id='word_1_156' title='bbox 447 1999 608 2100; x_wconf 83' lang='lat' dir='ltr'>superflua</span> <span class='ocrx_word' id='word_1_157' title='bbox 633 2025 836 2082; x_wconf 78' lang='lat' dir='ltr'>remaneant,</span> <span class='ocrx_word' id='word_1_158' title='bbox 858 2025 932 2095; x_wconf 83' lang='lat' dir='ltr'>quae</span> <span class='ocrx_word' id='word_1_159' title='bbox 955 2024 976 2072; x_wconf 86' lang='lat' dir='ltr'>a</span> <span class='ocrx_word' id='word_1_160' title='bbox 1000 2017 1115 2072; x_wconf 83' lang='lat' dir='ltr'>natura</span> <span class='ocrx_word' id='word_1_161' title='bbox 1137 2019 1316 2094; x_wconf 74' lang='lat' dir='ltr'>regonem,</span> <span class='ocrx_word' id='word_1_162' title='bbox 1340 2009 1375 2074; x_wconf 71' lang='grc' dir='ltr'>δι</span> <span class='ocrx_word' id='word_1_163' title='bbox 1397 2005 1475 2078; x_wconf 76' lang='lat' dir='ltr'>suat</span> <span class='ocrx_word' id='word_1_164' title='bbox 1493 2033 1554 2104; x_wconf 91' lang='lat' dir='ltr'>pro</span> <span class='ocrx_word' id='word_1_165' title='bbox 1570 2033 1630 2104; x_wconf 76' lang='lat' dir='ltr'>pa·</span> 
     </span>
     <span class='ocr_line' id='line_1_17' title="bbox 237 2093 1630 2202; baseline 0.006 -34"><span class='ocrx_word' id='word_1_166' title='bbox 237 2093 323 2172; x_wconf 88' lang='lat' dir='ltr'>bulo</span> <span class='ocrx_word' id='word_1_167' title='bbox 347 2108 381 2170; x_wconf 89' lang='lat' dir='ltr'>in</span> <span class='ocrx_word' id='word_1_168' title='bbox 406 2105 534 2173; x_wconf 83' lang='lat' dir='ltr'>inediis.</span> <span class='ocrx_word' id='word_1_169' title='bbox 562 2103 686 2173; x_wconf 80' lang='lat' dir='ltr'>Tamen</span> <span class='ocrx_word' id='word_1_170' title='bbox 704 2105 739 2170; x_wconf 87' lang='lat' dir='ltr'>in</span> <span class='ocrx_word' id='word_1_171' title='bbox 758 2103 839 2171; x_wconf 89' lang='lat' dir='ltr'>male</span> <span class='ocrx_word' id='word_1_172' title='bbox 857 2095 1011 2194; x_wconf 78' lang='lat' dir='ltr'>drspofiers</span> <span class='ocrx_word' id='word_1_173' title='bbox 1033 2093 1138 2193; x_wconf 82' lang='lat' dir='ltr'>ipsum</span> <span class='ocrx_word' id='word_1_174' title='bbox 1166 2099 1355 2176; x_wconf 79' lang='lat' dir='ltr'>alimentum</span> <span class='ocrx_word' id='word_1_175' title='bbox 1378 2110 1630 2202; x_wconf 80' lang='lat' dir='ltr'>corrumpitur,</span> 
     </span>
     <span class='ocr_line' id='line_1_18' title="bbox 239 2195 1632 2295; baseline 0.004 -26"><span class='ocrx_word' id='word_1_176' title='bbox 239 2204 275 2269; x_wconf 77' lang='grc' dir='ltr'>δι</span> <span class='ocrx_word' id='word_1_177' title='bbox 291 2197 387 2270; x_wconf 74' lang='lat' dir='ltr'>&#39;facile</span> <span class='ocrx_word' id='word_1_178' title='bbox 412 2204 450 2272; x_wconf 84' lang='lat' dir='ltr'>fit</span> <span class='ocrx_word' id='word_1_179' title='bbox 474 2205 604 2274; x_wconf 83' lang='lat' dir='ltr'>materia</span> <span class='ocrx_word' id='word_1_180' title='bbox 629 2195 814 2270; x_wconf 84' lang='lat' dir='ltr'>morbifica.</span> <span class='ocrx_word' id='word_1_181' title='bbox 841 2200 879 2266; x_wconf 82' lang='lat' dir='ltr'>ln</span> <span class='ocrx_word' id='word_1_182' title='bbox 910 2197 979 2268; x_wconf 89' lang='lat' dir='ltr'>aliis</span> <span class='ocrx_word' id='word_1_183' title='bbox 1003 2197 1126 2266; x_wconf 85' lang='lat' dir='ltr'>nonnisr</span> <span class='ocrx_word' id='word_1_184' title='bbox 1151 2217 1230 2268; x_wconf 85' lang='lat' dir='ltr'>cum</span> <span class='ocrx_word' id='word_1_185' title='bbox 1255 2216 1396 2295; x_wconf 87' lang='lat' dir='ltr'>tempore</span> <span class='ocrx_word' id='word_1_186' title='bbox 1419 2205 1452 2272; x_wconf 87' lang='lat' dir='ltr'>id</span> <span class='ocrx_word' id='word_1_187' title='bbox 1467 2207 1536 2276; x_wconf 84' lang='lat' dir='ltr'>vitii</span> <span class='ocrx_word' id='word_1_188' title='bbox 1551 2227 1632 2275; x_wconf 84' lang='lat' dir='ltr'>corr·</span> 
     </span>
     <span class='ocr_line' id='line_1_19' title="bbox 237 2294 1632 2392; baseline 0.006 -27"><span class='ocrx_word' id='word_1_189' title='bbox 237 2301 315 2392; x_wconf 86' lang='lat' dir='ltr'>cipit</span> <span class='ocrx_word' id='word_1_190' title='bbox 341 2294 535 2366; x_wconf 88' lang='lat' dir='ltr'>obstruendo</span> <span class='ocrx_word' id='word_1_191' title='bbox 559 2304 594 2366; x_wconf 78' lang='grc' dir='ltr'>δι</span> <span class='ocrx_word' id='word_1_192' title='bbox 618 2297 754 2374; x_wconf 86' lang='lat' dir='ltr'>colerem</span> <span class='ocrx_word' id='word_1_193' title='bbox 777 2295 902 2366; x_wconf 86' lang='lat' dir='ltr'>malum</span> <span class='ocrx_word' id='word_1_194' title='bbox 926 2295 1133 2389; x_wconf 84' lang='lat' dir='ltr'>concipiendo</span> <span class='ocrx_word' id='word_1_195' title='bbox 1155 2317 1213 2389; x_wconf 86' lang='lat' dir='ltr'>pet</span> <span class='ocrx_word' id='word_1_196' title='bbox 1237 2300 1462 2392; x_wconf 84' lang='lat' dir='ltr'>putredinem:</span> <span class='ocrx_word' id='word_1_197' title='bbox 1484 2305 1562 2372; x_wconf 85' lang='lat' dir='ltr'>hinc</span> <span class='ocrx_word' id='word_1_198' title='bbox 1586 2300 1632 2374; x_wconf 81' lang='lat' dir='ltr'>le·</span> 
     </span>
     <span class='ocr_line' id='line_1_20' title="bbox 237 2389 1630 2496; baseline 0.006 -33"><span class='ocrx_word' id='word_1_199' title='bbox 237 2389 330 2466; x_wconf 90' lang='lat' dir='ltr'>bres.</span> <span class='ocrx_word' id='word_1_200' title='bbox 357 2395 407 2464; x_wconf 87' lang='lat' dir='ltr'>Sic</span> <span class='ocrx_word' id='word_1_201' title='bbox 432 2393 476 2463; x_wconf 87' lang='lat' dir='ltr'>cst</span> <span class='ocrx_word' id='word_1_202' title='bbox 501 2390 611 2464; x_wconf 86' lang='lat' dir='ltr'>succus</span> <span class='ocrx_word' id='word_1_203' title='bbox 635 2393 765 2486; x_wconf 81' lang='lat' dir='ltr'>quidem</span> <span class='ocrx_word' id='word_1_204' title='bbox 787 2394 910 2464; x_wconf 85' lang='lat' dir='ltr'>crudus</span> <span class='ocrx_word' id='word_1_205' title='bbox 932 2413 1031 2486; x_wconf 87' lang='lat' dir='ltr'>quem</span> <span class='ocrx_word' id='word_1_206' title='bbox 1046 2391 1128 2462; x_wconf 89' lang='lat' dir='ltr'>olim</span> <span class='ocrx_word' id='word_1_207' title='bbox 1150 2411 1269 2466; x_wconf 86' lang='lat' dir='ltr'>natura</span> <span class='ocrx_word' id='word_1_208' title='bbox 1285 2419 1318 2466; x_wconf 93' lang='lat' dir='ltr'>re</span> <span class='ocrx_word' id='word_1_209' title='bbox 1339 2391 1430 2468; x_wconf 83' lang='lat' dir='ltr'>ebat.</span> <span class='ocrx_word' id='word_1_210' title='bbox 1455 2402 1500 2470; x_wconf 84' lang='lat' dir='ltr'>At</span> <span class='ocrx_word' id='word_1_211' title='bbox 1522 2422 1630 2496; x_wconf 87' lang='lat' dir='ltr'>quum</span> 
     </span>
     <span class='ocr_line' id='line_1_21' title="bbox 232 2419 1629 2586; baseline -0.002 -22"><span class='ocrx_word' id='word_1_212' title='bbox 232 2495 336 2564; x_wconf 82' lang='lat' dir='ltr'>aliam</span> <span class='ocrx_word' id='word_1_213' title='bbox 362 2493 484 2562; x_wconf 80' lang='lat' dir='ltr'>inducit</span> <span class='ocrx_word' id='word_1_214' title='bbox 509 2493 716 2586; x_wconf 80' lang='lat' dir='ltr'>qualitatem,</span> <span class='ocrx_word' id='word_1_215' title='bbox 739 2492 956 2564; x_wconf 82' lang='lat' dir='ltr'>alimentarius</span> <span class='ocrx_word' id='word_1_216' title='bbox 980 2489 1045 2567; x_wconf 72' lang='lat' dir='ltr'>effe¹</span> <span class='ocrx_word' id='word_1_217' title='bbox 1063 2491 1175 2568; x_wconf 78' lang='lat' dir='ltr'>dedit,</span> <span class='ocrx_word' id='word_1_218' title='bbox 1195 2497 1234 2561; x_wconf 73' lang='lat' dir='ltr'>dc</span> <span class='ocrx_word' id='word_1_219' title='bbox 1251 2419 1438 2566; x_wconf 49' lang='lat' dir='ltr'>morffiificus</span> <span class='ocrx_word' id='word_1_220' title='bbox 1456 2495 1520 2568; x_wconf 83' lang='lat' dir='ltr'>cst.</span> <span class='ocrx_word' id='word_1_221' title='bbox 1549 2498 1629 2570; x_wconf 60' lang='lat' dir='ltr'>Ter«</span> 
     </span>
     <span class='ocr_line' id='line_1_22' title="bbox 231 2583 1630 2687; baseline 0.007 -27"><span class='ocrx_word' id='word_1_222' title='bbox 231 2595 323 2660; x_wconf 84' lang='lat' dir='ltr'>tium</span> <span class='ocrx_word' id='word_1_223' title='bbox 348 2593 407 2660; x_wconf 82' lang='lat' dir='ltr'>else</span> <span class='ocrx_word' id='word_1_224' title='bbox 433 2591 532 2687; x_wconf 80' lang='lat' dir='ltr'>potest</span> <span class='ocrx_word' id='word_1_225' title='bbox 555 2592 595 2660; x_wconf 87' lang='lat' dir='ltr'>de</span> <span class='ocrx_word' id='word_1_226' title='bbox 620 2594 719 2662; x_wconf 69' lang='lat' dir='ltr'>orieris</span> <span class='ocrx_word' id='word_1_227' title='bbox 741 2595 776 2660; x_wconf 89' lang='lat' dir='ltr'>in</span> <span class='ocrx_word' id='word_1_228' title='bbox 798 2585 941 2661; x_wconf 79' lang='lat' dir='ltr'>febribus</span> <span class='ocrx_word' id='word_1_229' title='bbox 964 2583 1262 2661; x_wconf 78' lang='lat' dir='ltr'>intermittentibus.</span> <span class='ocrx_word' id='word_1_230' title='bbox 1285 2595 1393 2680; x_wconf 80' lang='lat' dir='ltr'>Hujus</span> <span class='ocrx_word' id='word_1_231' title='bbox 1415 2601 1463 2664; x_wconf 83' lang='lat' dir='ltr'>rei</span> <span class='ocrx_word' id='word_1_232' title='bbox 1487 2618 1527 2668; x_wconf 84' lang='lat' dir='ltr'>ex</span> <span class='ocrx_word' id='word_1_233' title='bbox 1548 2597 1630 2670; x_wconf 87' lang='lat' dir='ltr'>lica·</span> 
     </span>
     <span class='ocr_line' id='line_1_23' title="bbox 232 2621 1626 2787; baseline 0.006 -29"><span class='ocrx_word' id='word_1_234' title='bbox 232 2692 286 2758; x_wconf 85' lang='lat' dir='ltr'>tio</span> <span class='ocrx_word' id='word_1_235' title='bbox 311 2710 419 2784; x_wconf 87' lang='lat' dir='ltr'>quotu</span> <span class='ocrx_word' id='word_1_236' title='bbox 445 2691 585 2760; x_wconf 89' lang='lat' dir='ltr'>multum</span> <span class='ocrx_word' id='word_1_237' title='bbox 609 2689 673 2758; x_wconf 89' lang='lat' dir='ltr'>huc</span> <span class='ocrx_word' id='word_1_238' title='bbox 700 2695 881 2784; x_wconf 82' lang='lat' dir='ltr'>pertineat,</span> <span class='ocrx_word' id='word_1_239' title='bbox 907 2689 1016 2764; x_wconf 77' lang='lat' dir='ltr'>daca</span> <span class='ocrx_word' id='word_1_240' title='bbox 1052 2688 1214 2768; x_wconf 84' lang='lat' dir='ltr'>videretur</span> <span class='ocrx_word' id='word_1_241' title='bbox 1247 2693 1409 2783; x_wconf 81' lang='lat' dir='ltr'>agendum</span> <span class='ocrx_word' id='word_1_242' title='bbox 1441 2621 1591 2787; x_wconf 55' lang='lat' dir='ltr'>plunges</span> <span class='ocrx_word' id='word_1_243' title='bbox 1609 2742 1626 2776; x_wconf 81' lang='lat'>,</span> 
     </span>
     <span class='ocr_line' id='line_1_24' title="bbox 233 2781 1629 2889; baseline 0.004 -31"><span class='ocrx_word' id='word_1_244' title='bbox 233 2807 348 2858; x_wconf 85' lang='lat' dir='ltr'>tamen</span> <span class='ocrx_word' id='word_1_245' title='bbox 376 2789 433 2858; x_wconf 83' lang='lat' dir='ltr'>irae</span> <span class='ocrx_word' id='word_1_246' title='bbox 453 2787 644 2859; x_wconf 63' lang='lat' dir='ltr'>crematione</span> <span class='ocrx_word' id='word_1_247' title='bbox 668 2781 928 2882; x_wconf 80' lang='lat' dir='ltr'>supersedendum</span> <span class='ocrx_word' id='word_1_248' title='bbox 954 2806 1051 2882; x_wconf 88' lang='lat' dir='ltr'>puto.</span> <span class='ocrx_word' id='word_1_249' title='bbox 1076 2789 1200 2859; x_wconf 83' lang='lat' dir='ltr'>Partim</span> <span class='ocrx_word' id='word_1_250' title='bbox 1223 2793 1309 2859; x_wconf 88' lang='lat' dir='ltr'>enim</span> <span class='ocrx_word' id='word_1_251' title='bbox 1343 2815 1381 2863; x_wconf 81' lang='lat' dir='ltr'>ex</span> <span class='ocrx_word' id='word_1_252' title='bbox 1414 2785 1629 2889; x_wconf 79' lang='lat' dir='ltr'>superioribus</span> 
     </span>
     <span class='ocr_line' id='line_1_25' title="bbox 231 2881 1627 2985; baseline 0.004 -31"><span class='ocrx_word' id='word_1_253' title='bbox 231 2885 279 2955; x_wconf 85' lang='lat' dir='ltr'>de</span> <span class='ocrx_word' id='word_1_254' title='bbox 303 2888 340 2954; x_wconf 91' lang='lat' dir='ltr'>iis</span> <span class='ocrx_word' id='word_1_255' title='bbox 363 2884 502 2958; x_wconf 84' lang='lat' dir='ltr'>constare</span> <span class='ocrx_word' id='word_1_256' title='bbox 527 2885 643 2985; x_wconf 82' lang='lat' dir='ltr'>potest,</span> <span class='ocrx_word' id='word_1_257' title='bbox 669 2891 788 2982; x_wconf 87' lang='lat' dir='ltr'>partim</span> <span class='ocrx_word' id='word_1_258' title='bbox 812 2881 1004 2959; x_wconf 68' lang='lat' dir='ltr'>misfactum</span> <span class='ocrx_word' id='word_1_259' title='bbox 1029 2883 1085 2956; x_wconf 80' lang='lat' dir='ltr'>erle</span> <span class='ocrx_word' id='word_1_260' title='bbox 1118 2903 1199 2981; x_wconf 87' lang='lat' dir='ltr'>puto</span> <span class='ocrx_word' id='word_1_261' title='bbox 1231 2908 1252 2958; x_wconf 88' lang='lat' dir='ltr'>a</span> <span class='ocrx_word' id='word_1_262' title='bbox 1289 2891 1434 2982; x_wconf 82' lang='lat' dir='ltr'>quodam</span> <span class='ocrx_word' id='word_1_263' title='bbox 1467 2894 1627 2970; x_wconf 82' lang='lat' dir='ltr'>neoterico&#39;</span> 
     </span>
     <span class='ocr_line' id='line_1_26' title="bbox 229 2981 1631 3187; baseline 0.004 -36"><span class='ocrx_word' id='word_1_264' title='bbox 229 3008 303 3153; x_wconf 63' lang='lat' dir='ltr'>rit</span> <span class='ocrx_word' id='word_1_265' title='bbox 322 2985 639 3179; x_wconf 61' lang='lat' dir='ltr'>lillllrllll</span> <span class='ocrx_word' id='word_1_266' title='bbox 660 2981 1631 3187; x_wconf 51' lang='lat' dir='ltr'>llllliillrllllldlllzlr‘irrideret</span> 
     </span>
    </p>
   </div>
   <div class='ocr_carea' id='block_1_3' title="bbox 235 3175 1775 3382">
    <p class='ocr_par' dir='ltr' id='par_1_4' title="bbox 235 3175 1775 3382">
     <span class='ocr_line' id='line_1_27' title="bbox 235 3175 1749 3278; baseline 0.001 -29"><span class='ocrx_word' id='word_1_267' title='bbox 235 3180 322 3251; x_wconf 73' lang='lat' dir='ltr'>dialis</span> <span class='ocrx_word' id='word_1_268' title='bbox 347 3204 515 3278; x_wconf 84' lang='lat' dir='ltr'>appareat,</span> <span class='ocrx_word' id='word_1_269' title='bbox 541 3185 714 3276; x_wconf 83' lang='lat' dir='ltr'>aliquando</span> <span class='ocrx_word' id='word_1_270' title='bbox 739 3186 845 3255; x_wconf 84' lang='lat' dir='ltr'>defit.</span> <span class='ocrx_word' id='word_1_271' title='bbox 877 3182 966 3255; x_wconf 80' lang='lat' dir='ltr'>Alias</span> <span class='ocrx_word' id='word_1_272' title='bbox 990 3182 1072 3251; x_wconf 87' lang='lat' dir='ltr'>enim</span> <span class='ocrx_word' id='word_1_273' title='bbox 1107 3176 1275 3249; x_wconf 81' lang='lat' dir='ltr'>statuimus</span> <span class='ocrx_word' id='word_1_274' title='bbox 1307 3180 1485 3278; x_wconf 70' lang='lat' dir='ltr'>hyponam</span> <span class='ocrx_word' id='word_1_275' title='bbox 1518 3190 1552 3256; x_wconf 85' lang='lat' dir='ltr'>in</span> <span class='ocrx_word' id='word_1_276' title='bbox 1586 3189 1627 3259; x_wconf 84' lang='lat' dir='ltr'>iis</span> <span class='ocrx_word' id='word_1_277' title='bbox 1696 3228 1700 3239; x_wconf 90' lang='lat'><strong>·</strong></span> <span class='ocrx_word' id='word_1_278' title='bbox 1730 3175 1749 3251; x_wconf 71' lang='grc' dir='ltr'>ζ’</span> 
     </span>
     <span class='ocr_line' id='line_1_28' title="bbox 235 3274 1775 3382; baseline 0.003 -33"><span class='ocrx_word' id='word_1_279' title='bbox 235 3274 360 3349; x_wconf 84' lang='lat' dir='ltr'>morbis</span> <span class='ocrx_word' id='word_1_280' title='bbox 382 3302 532 3377; x_wconf 83' lang='lat' dir='ltr'>apparete</span> <span class='ocrx_word' id='word_1_281' title='bbox 556 3278 599 3351; x_wconf 90' lang='lat' dir='ltr'>ob</span> <span class='ocrx_word' id='word_1_282' title='bbox 624 3282 801 3351; x_wconf 69' lang='lat' dir='ltr'>coffioncm</span> <span class='ocrx_word' id='word_1_283' title='bbox 818 3280 968 3353; x_wconf 76' lang='lat' dir='ltr'>alimenti</span> <span class='ocrx_word' id='word_1_284' title='bbox 989 3279 1045 3351; x_wconf 81' lang='lat' dir='ltr'>fim</span> <span class='ocrx_word' id='word_1_285' title='bbox 1070 3278 1197 3359; x_wconf 80' lang='lat' dir='ltr'>liciter.</span> <span class='ocrx_word' id='word_1_286' title='bbox 1227 3280 1407 3373; x_wconf 81' lang='lat' dir='ltr'>aliquando</span> <span class='ocrx_word' id='word_1_287' title='bbox 1429 3276 1477 3353; x_wconf 88' lang='lat' dir='ltr'>ob</span> <span class='ocrx_word' id='word_1_288' title='bbox 1502 3300 1627 3381; x_wconf 78' lang='lat' dir='ltr'>partem</span> <span class='ocrx_word' id='word_1_289' title='bbox 1770 3370 1775 3382; x_wconf 22' lang='grc' dir='ltr'><strong><em>ο</em></strong></span> 
     </span>
    </p>
   </div>
   <div class='ocr_carea' id='block_1_4' title="bbox 222 3378 1752 5155">
    <p class='ocr_par' dir='ltr' id='par_1_5' title="bbox 222 3378 1752 5155">
     <span class='ocr_line' id='line_1_29' title="bbox 237 3378 1627 3476; baseline 0.005 -28"><span class='ocrx_word' id='word_1_290' title='bbox 237 3383 379 3451; x_wconf 75' lang='lat' dir='ltr'>materia</span> <span class='ocrx_word' id='word_1_291' title='bbox 402 3382 626 3460; x_wconf 84' lang='lat' dir='ltr'>committentis</span> <span class='ocrx_word' id='word_1_292' title='bbox 650 3380 731 3451; x_wconf 88' lang='lat' dir='ltr'>lrauc</span> <span class='ocrx_word' id='word_1_293' title='bbox 754 3396 811 3451; x_wconf 81' lang='lat' dir='ltr'>aut</span> <span class='ocrx_word' id='word_1_294' title='bbox 834 3380 921 3452; x_wconf 86' lang='lat' dir='ltr'>illam</span> <span class='ocrx_word' id='word_1_295' title='bbox 956 3398 1026 3451; x_wconf 84' lang='lat' dir='ltr'>acce</span> <span class='ocrx_word' id='word_1_296' title='bbox 1062 3400 1179 3447; x_wconf 82' lang='lat' dir='ltr'>onem.</span> <span class='ocrx_word' id='word_1_297' title='bbox 1217 3378 1412 3451; x_wconf 86' lang='lat' dir='ltr'>Mirificatur</span> <span class='ocrx_word' id='word_1_298' title='bbox 1433 3384 1517 3449; x_wconf 84' lang='lat' dir='ltr'>enim</span> <span class='ocrx_word' id='word_1_299' title='bbox 1552 3404 1627 3476; x_wconf 81' lang='lat' dir='ltr'>poss</span> 
     </span>
     <span class='ocr_line' id='line_1_30' title="bbox 234 3472 1628 3577; baseline 0.004 -31"><span class='ocrx_word' id='word_1_300' title='bbox 234 3500 275 3547; x_wconf 88' lang='lat' dir='ltr'>ea</span> <span class='ocrx_word' id='word_1_301' title='bbox 299 3484 438 3555; x_wconf 77' lang='lat' dir='ltr'>materia</span> <span class='ocrx_word' id='word_1_302' title='bbox 472 3502 546 3575; x_wconf 82' lang='lat' dir='ltr'>que</span> <span class='ocrx_word' id='word_1_303' title='bbox 583 3480 803 3577; x_wconf 81' lang='lat' dir='ltr'>particularem</span> <span class='ocrx_word' id='word_1_304' title='bbox 837 3477 1032 3553; x_wconf 79' lang='lat' dir='ltr'>accelliootm</span> <span class='ocrx_word' id='word_1_305' title='bbox 1065 3472 1170 3553; x_wconf 76' lang='lat' dir='ltr'>facite</span> <span class='ocrx_word' id='word_1_306' title='bbox 1209 3480 1244 3547; x_wconf 76' lang='lat' dir='ltr'>dr</span> <span class='ocrx_word' id='word_1_307' title='bbox 1276 3474 1441 3575; x_wconf 76' lang='lat' dir='ltr'>praesentia</span> <span class='ocrx_word' id='word_1_308' title='bbox 1470 3478 1628 3574; x_wconf 63' lang='lat' dir='ltr'>hyposta-</span> 
     </span>
     <span class='ocr_line' id='line_1_31' title="bbox 231 3573 1627 3674; baseline 0.001 -30"><span class='ocrx_word' id='word_1_309' title='bbox 231 3573 300 3645; x_wconf 81' lang='lat' dir='ltr'>seos</span> <span class='ocrx_word' id='word_1_310' title='bbox 324 3574 368 3655; x_wconf 75' lang='lat' dir='ltr'>cll,</span> <span class='ocrx_word' id='word_1_311' title='bbox 392 3582 580 3674; x_wconf 85' lang='lat' dir='ltr'>particulare</span> <span class='ocrx_word' id='word_1_312' title='bbox 605 3584 640 3650; x_wconf 77' lang='grc' dir='ltr'>δε</span> <span class='ocrx_word' id='word_1_313' title='bbox 664 3579 824 3673; x_wconf 76' lang='lat' dir='ltr'>singulare</span> <span class='ocrx_word' id='word_1_314' title='bbox 860 3580 983 3673; x_wconf 76' lang='lat' dir='ltr'>iignum</span> <span class='ocrx_word' id='word_1_315' title='bbox 1015 3573 1167 3653; x_wconf 72' lang='lat' dir='ltr'>costioois</span> <span class='ocrx_word' id='word_1_316' title='bbox 1201 3579 1403 3671; x_wconf 84' lang='lat' dir='ltr'>particularis</span> <span class='ocrx_word' id='word_1_317' title='bbox 1436 3580 1534 3647; x_wconf 84' lang='lat' dir='ltr'>unius</span> <span class='ocrx_word' id='word_1_318' title='bbox 1553 3578 1627 3657; x_wconf 70' lang='lat' dir='ltr'>hrt·¹</span> 
     </span>
     <span class='ocr_line' id='line_1_32' title="bbox 225 3669 1625 3775; baseline 0 -28"><span class='ocrx_word' id='word_1_319' title='bbox 225 3678 332 3747; x_wconf 76' lang='lat' dir='ltr'>moris</span> <span class='ocrx_word' id='word_1_320' title='bbox 356 3684 414 3769; x_wconf 88' lang='lat' dir='ltr'>qui</span> <span class='ocrx_word' id='word_1_321' title='bbox 441 3677 530 3749; x_wconf 86' lang='lat' dir='ltr'>istam</span> <span class='ocrx_word' id='word_1_322' title='bbox 556 3676 759 3750; x_wconf 77' lang='lat' dir='ltr'>acc&#39;ellionam</span> <span class='ocrx_word' id='word_1_323' title='bbox 785 3680 933 3775; x_wconf 85' lang='lat' dir='ltr'>peperirt</span> <span class='ocrx_word' id='word_1_324' title='bbox 966 3674 1082 3767; x_wconf 76' lang='lat' dir='ltr'>finguli</span> <span class='ocrx_word' id='word_1_325' title='bbox 1104 3675 1190 3745; x_wconf 83' lang='lat' dir='ltr'>enim</span> <span class='ocrx_word' id='word_1_326' title='bbox 1224 3670 1401 3767; x_wconf 82' lang='lat' dir='ltr'>paroxylmi</span> <span class='ocrx_word' id='word_1_327' title='bbox 1437 3669 1527 3745; x_wconf 86' lang='lat' dir='ltr'>suam</span> <span class='ocrx_word' id='word_1_328' title='bbox 1562 3676 1625 3747; x_wconf 64' lang='lat' dir='ltr'>has</span> 
     </span>
     <span class='ocr_line' id='line_1_33' title="bbox 229 3760 1623 3868; baseline 0.002 -26"><span class='ocrx_word' id='word_1_329' title='bbox 229 3768 307 3843; x_wconf 86' lang='lat' dir='ltr'>bent</span> <span class='ocrx_word' id='word_1_330' title='bbox 338 3778 547 3855; x_wconf 86' lang='lat' dir='ltr'>cruditatem,</span> <span class='ocrx_word' id='word_1_331' title='bbox 574 3781 609 3846; x_wconf 76' lang='lat' dir='ltr'>dc</span> <span class='ocrx_word' id='word_1_332' title='bbox 634 3772 721 3845; x_wconf 85' lang='lat' dir='ltr'>suam</span> <span class='ocrx_word' id='word_1_333' title='bbox 745 3774 952 3847; x_wconf 73' lang='lat' dir='ltr'>restionem.</span> <span class='ocrx_word' id='word_1_334' title='bbox 988 3771 1139 3845; x_wconf 80' lang='lat' dir='ltr'>Declarat</span> <span class='ocrx_word' id='word_1_335' title='bbox 1174 3771 1303 3841; x_wconf 79' lang='lat' dir='ltr'>mitium</span> <span class='ocrx_word' id='word_1_336' title='bbox 1337 3760 1517 3868; x_wconf 72' lang='lat' dir='ltr'>paroxysmi</span> <span class='ocrx_word' id='word_1_337' title='bbox 1550 3780 1623 3867; x_wconf 70' lang='lat' dir='ltr'>quo</span> 
     </span>
     <span class='ocr_line' id='line_1_34' title="bbox 227 3866 1618 3968; baseline 0 -27"><span class='ocrx_word' id='word_1_338' title='bbox 227 3887 371 3964; x_wconf 84' lang='lat' dir='ltr'>tempore</span> <span class='ocrx_word' id='word_1_339' title='bbox 395 3896 497 3967; x_wconf 84' lang='lat' dir='ltr'>aquea</span> <span class='ocrx_word' id='word_1_340' title='bbox 522 3877 614 3945; x_wconf 85' lang='lat' dir='ltr'>urina</span> <span class='ocrx_word' id='word_1_341' title='bbox 633 3874 811 3945; x_wconf 82' lang='lat' dir='ltr'>redditur.</span> <span class='ocrx_word' id='word_1_342' title='bbox 851 3878 892 3945; x_wconf 84' lang='lat' dir='ltr'>Et</span> <span class='ocrx_word' id='word_1_343' title='bbox 917 3889 1014 3968; x_wconf 89' lang='lat' dir='ltr'>prout</span> <span class='ocrx_word' id='word_1_344' title='bbox 1046 3869 1088 3949; x_wconf 79' lang='lat' dir='ltr'>ar</span> <span class='ocrx_word' id='word_1_345' title='bbox 1122 3866 1366 3942; x_wconf 84' lang='lat' dir='ltr'>declinationem</span> <span class='ocrx_word' id='word_1_346' title='bbox 1403 3870 1618 3967; x_wconf 75' lang='lat' dir='ltr'>proceditur.¹</span> 
     </span>
     <span class='ocr_line' id='line_1_35' title="bbox 222 3959 1626 4067; baseline -0.006 -26"><span class='ocrx_word' id='word_1_347' title='bbox 222 3977 278 4041; x_wconf 78' lang='lat' dir='ltr'>ita</span> <span class='ocrx_word' id='word_1_348' title='bbox 302 3968 461 4059; x_wconf 78' lang='lat' dir='ltr'>singularis</span> <span class='ocrx_word' id='word_1_349' title='bbox 485 3974 527 4045; x_wconf 87' lang='lat' dir='ltr'>ad</span> <span class='ocrx_word' id='word_1_350' title='bbox 551 3972 727 4044; x_wconf 68' lang='lat' dir='ltr'>coctionem</span> <span class='ocrx_word' id='word_1_351' title='bbox 751 3974 791 4041; x_wconf 85' lang='lat' dir='ltr'>fit</span> <span class='ocrx_word' id='word_1_352' title='bbox 815 3969 987 4067; x_wconf 77' lang='lat' dir='ltr'>processus:</span> <span class='ocrx_word' id='word_1_353' title='bbox 1012 3972 1052 4052; x_wconf 73' lang='lat' dir='ltr'>&amp;c</span> <span class='ocrx_word' id='word_1_354' title='bbox 1071 3959 1131 4043; x_wconf 81' lang='lat' dir='ltr'>sub</span> <span class='ocrx_word' id='word_1_355' title='bbox 1155 3966 1250 4038; x_wconf 76' lang='lat' dir='ltr'>finem</span> <span class='ocrx_word' id='word_1_356' title='bbox 1274 3965 1450 4039; x_wconf 76' lang='lat' dir='ltr'>acoeffioois</span> <span class='ocrx_word' id='word_1_357' title='bbox 1466 3960 1626 4054; x_wconf 73' lang='lat' dir='ltr'>sedimen.</span> 
     </span>
     <span class='ocr_line' id='line_1_36' title="bbox 231 4056 1752 4234; baseline -0.001 -93"><span class='ocrx_word' id='word_1_358' title='bbox 231 4088 305 4141; x_wconf 84' lang='lat' dir='ltr'>rum</span> <span class='ocrx_word' id='word_1_359' title='bbox 329 4084 386 4137; x_wconf 83' lang='lat' dir='ltr'>aut</span> <span class='ocrx_word' id='word_1_360' title='bbox 410 4064 567 4140; x_wconf 81' lang='lat' dir='ltr'>laudabile</span> <span class='ocrx_word' id='word_1_361' title='bbox 591 4088 764 4141; x_wconf 77' lang='lat' dir='ltr'>euaeorcma·</span> <span class='ocrx_word' id='word_1_362' title='bbox 786 4088 948 4164; x_wconf 79' lang='lat' dir='ltr'>apparet.</span> <span class='ocrx_word' id='word_1_363' title='bbox 981 4065 1034 4139; x_wconf 78' lang='lat' dir='ltr'>Est</span> <span class='ocrx_word' id='word_1_364' title='bbox 1057 4071 1140 4142; x_wconf 86' lang='lat' dir='ltr'>cuim</span> <span class='ocrx_word' id='word_1_365' title='bbox 1166 4065 1268 4138; x_wconf 83' lang='lat' dir='ltr'>veluti</span> <span class='ocrx_word' id='word_1_366' title='bbox 1290 4066 1373 4234; x_wconf 74' lang='lat' dir='ltr'>quid</span> <span class='ocrx_word' id='word_1_367' title='bbox 1396 4060 1538 4138; x_wconf 86' lang='lat' dir='ltr'>decisum</span> <span class='ocrx_word' id='word_1_368' title='bbox 1571 4056 1618 4139; x_wconf 79' lang='lat' dir='ltr'>ab</span> <span class='ocrx_word' id='word_1_369' title='bbox 1733 4140 1752 4150; x_wconf 60' lang='lat'>„</span> 
     </span>
     <span class='ocr_line' id='line_1_37' title="bbox 222 4160 1620 4262; baseline 0.001 -24"><span class='ocrx_word' id='word_1_370' title='bbox 222 4182 268 4238; x_wconf 71' lang='lat' dir='ltr'>ea</span> <span class='ocrx_word' id='word_1_371' title='bbox 295 4168 426 4237; x_wconf 81' lang='lat' dir='ltr'>materia</span> <span class='ocrx_word' id='word_1_372' title='bbox 458 4186 531 4262; x_wconf 73' lang='lat' dir='ltr'>que</span> <span class='ocrx_word' id='word_1_373' title='bbox 563 4168 665 4255; x_wconf 73' lang='lat' dir='ltr'>mulea</span> <span class='ocrx_word' id='word_1_374' title='bbox 696 4166 849 4239; x_wconf 72' lang='lat' dir='ltr'>cunstans</span> <span class='ocrx_word' id='word_1_375' title='bbox 882 4174 918 4237; x_wconf 82' lang='lat' dir='ltr'>io</span> <span class='ocrx_word' id='word_1_376' title='bbox 953 4168 998 4257; x_wconf 76' lang='lat' dir='ltr'>hy</span> <span class='ocrx_word' id='word_1_377' title='bbox 1021 4166 1200 4239; x_wconf 87' lang='lat' dir='ltr'>ochondriis</span> <span class='ocrx_word' id='word_1_378' title='bbox 1231 4188 1383 4237; x_wconf 87' lang='lat' dir='ltr'>morum</span> <span class='ocrx_word' id='word_1_379' title='bbox 1418 4160 1536 4239; x_wconf 81' lang='lat' dir='ltr'>louet.</span> <span class='ocrx_word' id='word_1_380' title='bbox 1564 4170 1620 4239; x_wconf 82' lang='lat' dir='ltr'>Ita</span> 
     </span>
     <span class='ocr_line' id='line_1_38' title="bbox 229 4259 1623 4364; baseline -0.001 -27"><span class='ocrx_word' id='word_1_381' title='bbox 229 4269 313 4339; x_wconf 85' lang='lat' dir='ltr'>enim</span> <span class='ocrx_word' id='word_1_382' title='bbox 340 4262 448 4339; x_wconf 69' lang='lat' dir='ltr'>senum</span> <span class='ocrx_word' id='word_1_383' title='bbox 474 4264 613 4364; x_wconf 81' lang='lat' dir='ltr'>putredo</span> <span class='ocrx_word' id='word_1_384' title='bbox 635 4269 804 4345; x_wconf 76' lang='lat' dir='ltr'>uincitur,</span> <span class='ocrx_word' id='word_1_385' title='bbox 834 4259 944 4339; x_wconf 78' lang='lat' dir='ltr'>seusun</span> <span class='ocrx_word' id='word_1_386' title='bbox 975 4290 997 4335; x_wconf 87' lang='lat' dir='ltr'>o</span> <span class='ocrx_word' id='word_1_387' title='bbox 1047 4266 1153 4341; x_wconf 76' lang='lat' dir='ltr'>tudiio</span> <span class='ocrx_word' id='word_1_388' title='bbox 1176 4263 1315 4354; x_wconf 81' lang='lat' dir='ltr'>tollitur,</span> <span class='ocrx_word' id='word_1_389' title='bbox 1344 4269 1381 4336; x_wconf 76' lang='lat' dir='ltr'>de</span> <span class='ocrx_word' id='word_1_390' title='bbox 1403 4266 1537 4337; x_wconf 78' lang='lat' dir='ltr'>materia</span> <span class='ocrx_word' id='word_1_391' title='bbox 1560 4288 1623 4335; x_wconf 87' lang='lat' dir='ltr'>eo·</span> 
     </span>
     <span class='ocr_line' id='line_1_39' title="bbox 228 4353 1624 4461; baseline -0.002 -25"><span class='ocrx_word' id='word_1_392' title='bbox 228 4367 371 4461; x_wconf 85' lang='lat' dir='ltr'>quitur.</span> <span class='ocrx_word' id='word_1_393' title='bbox 405 4364 447 4435; x_wconf 83' lang='lat' dir='ltr'>Et</span> <span class='ocrx_word' id='word_1_394' title='bbox 469 4388 540 4437; x_wconf 88' lang='lat' dir='ltr'>eam</span> <span class='ocrx_word' id='word_1_395' title='bbox 562 4366 756 4460; x_wconf 81' lang='lat' dir='ltr'>particulam</span> <span class='ocrx_word' id='word_1_396' title='bbox 781 4368 918 4437; x_wconf 75' lang='lat' dir='ltr'>materia</span> <span class='ocrx_word' id='word_1_397' title='bbox 941 4384 1014 4458; x_wconf 80' lang='lat' dir='ltr'>qua</span> <span class='ocrx_word' id='word_1_398' title='bbox 1047 4364 1238 4459; x_wconf 76' lang='lat' dir='ltr'>ungularem</span> <span class='ocrx_word' id='word_1_399' title='bbox 1271 4353 1496 4457; x_wconf 82' lang='lat' dir='ltr'>parorylmum</span> <span class='ocrx_word' id='word_1_400' title='bbox 1527 4378 1624 4433; x_wconf 59' lang='lat' dir='ltr'>comi</span> 
     </span>
     <span class='ocr_line' id='line_1_40' title="bbox 228 4458 1624 4557; baseline -0.002 -22"><span class='ocrx_word' id='word_1_401' title='bbox 228 4464 314 4535; x_wconf 86' lang='lat' dir='ltr'>misrt</span> <span class='ocrx_word' id='word_1_402' title='bbox 337 4482 453 4536; x_wconf 87' lang='lat' dir='ltr'>natura</span> <span class='ocrx_word' id='word_1_403' title='bbox 476 4467 510 4537; x_wconf 89' lang='lat' dir='ltr'>in</span> <span class='ocrx_word' id='word_1_404' title='bbox 535 4467 622 4536; x_wconf 84' lang='lat' dir='ltr'>venis</span> <span class='ocrx_word' id='word_1_405' title='bbox 647 4458 774 4539; x_wconf 74' lang='lat' dir='ltr'>versat,</span> <span class='ocrx_word' id='word_1_406' title='bbox 809 4468 950 4557; x_wconf 87' lang='lat' dir='ltr'>coquit,</span> <span class='ocrx_word' id='word_1_407' title='bbox 984 4462 1097 4535; x_wconf 88' lang='lat' dir='ltr'>alterat</span> <span class='ocrx_word' id='word_1_408' title='bbox 1131 4468 1167 4533; x_wconf 74' lang='grc' dir='ltr'>δι</span> <span class='ocrx_word' id='word_1_409' title='bbox 1198 4462 1341 4533; x_wconf 86' lang='lat' dir='ltr'>evincit.</span> <span class='ocrx_word' id='word_1_410' title='bbox 1377 4463 1487 4550; x_wconf 81' lang='lat' dir='ltr'>l-iojus</span> <span class='ocrx_word' id='word_1_411' title='bbox 1518 4458 1624 4533; x_wconf 66' lang='grc' dir='ltr'>νίἂοᾰ</span> 
     </span>
     <span class='ocr_line' id='line_1_41' title="bbox 227 4555 1624 4655; baseline 0 -22"><span class='ocrx_word' id='word_1_412' title='bbox 227 4569 285 4633; x_wconf 77' lang='lat' dir='ltr'>tia·</span> <span class='ocrx_word' id='word_1_413' title='bbox 310 4562 397 4655; x_wconf 73' lang='lat' dir='ltr'>dgna</span> <span class='ocrx_word' id='word_1_414' title='bbox 421 4564 454 4633; x_wconf 91' lang='lat' dir='ltr'>in</span> <span class='ocrx_word' id='word_1_415' title='bbox 478 4566 578 4639; x_wconf 83' lang='lat' dir='ltr'>urinis</span> <span class='ocrx_word' id='word_1_416' title='bbox 598 4562 755 4632; x_wconf 84' lang='lat' dir='ltr'>elucent:</span> <span class='ocrx_word' id='word_1_417' title='bbox 791 4562 899 4633; x_wconf 76' lang='lat' dir='ltr'>sien</span> <span class='ocrx_word' id='word_1_418' title='bbox 922 4563 961 4633; x_wconf 89' lang='lat' dir='ltr'>iis</span> <span class='ocrx_word' id='word_1_419' title='bbox 1000 4555 1141 4634; x_wconf 75' lang='lat' dir='ltr'>febribus</span> <span class='ocrx_word' id='word_1_420' title='bbox 1178 4565 1313 4631; x_wconf 84' lang='lat' dir='ltr'>materia</span> <span class='ocrx_word' id='word_1_421' title='bbox 1336 4558 1509 4647; x_wconf 75' lang='lat' dir='ltr'>coujuusta</span> <span class='ocrx_word' id='word_1_422' title='bbox 1533 4577 1624 4633; x_wconf 77' lang='lat' dir='ltr'>urm·¹</span> 
     </span>
     <span class='ocr_line' id='line_1_42' title="bbox 223 4652 1623 4757; baseline -0.004 -24"><span class='ocrx_word' id='word_1_423' title='bbox 223 4658 293 4741; x_wconf 80' lang='lat' dir='ltr'>bi,</span> <span class='ocrx_word' id='word_1_424' title='bbox 328 4665 457 4734; x_wconf 84' lang='lat' dir='ltr'>materia</span> <span class='ocrx_word' id='word_1_425' title='bbox 481 4663 661 4734; x_wconf 82' lang='lat' dir='ltr'>antecedens</span> <span class='ocrx_word' id='word_1_426' title='bbox 685 4656 868 4757; x_wconf 58' lang='lat' dir='ltr'>speciatur.</span> <span class='ocrx_word' id='word_1_427' title='bbox 902 4662 941 4733; x_wconf 80' lang='lat' dir='ltr'>Et</span> <span class='ocrx_word' id='word_1_428' title='bbox 965 4680 1003 4731; x_wconf 86' lang='lat' dir='ltr'>err</span> <span class='ocrx_word' id='word_1_429' title='bbox 1034 4684 1145 4733; x_wconf 84' lang='lat' dir='ltr'>earum</span> <span class='ocrx_word' id='word_1_430' title='bbox 1172 4652 1230 4727; x_wconf 87' lang='lat' dir='ltr'>ins</span> <span class='ocrx_word' id='word_1_431' title='bbox 1297 4660 1365 4729; x_wconf 81' lang='lat' dir='ltr'>&#39;oue</span> <span class='ocrx_word' id='word_1_432' title='bbox 1397 4656 1443 4731; x_wconf 81' lang='lat' dir='ltr'>ad</span> <span class='ocrx_word' id='word_1_433' title='bbox 1474 4673 1623 4729; x_wconf 85' lang='lat' dir='ltr'>contem·</span> 
     </span>
     <span class='ocr_line' id='line_1_43' title="bbox 226 4752 1623 4860; baseline -0.005 -29"><span class='ocrx_word' id='word_1_434' title='bbox 226 4764 406 4860; x_wconf 86' lang='lat' dir='ltr'>platiooem</span> <span class='ocrx_word' id='word_1_435' title='bbox 447 4766 671 4831; x_wconf 84' lang='lat' dir='ltr'>continuatum</span> <span class='ocrx_word' id='word_1_436' title='bbox 706 4754 843 4831; x_wconf 79' lang='lat' dir='ltr'>rebrrun</span> <span class='ocrx_word' id='word_1_437' title='bbox 874 4762 911 4831; x_wconf 72' lang='grc' dir='ltr'>δε</span> <span class='ocrx_word' id='word_1_438' title='bbox 946 4757 1119 4851; x_wconf 74' lang='lat' dir='ltr'>longorum</span> <span class='ocrx_word' id='word_1_439' title='bbox 1153 4776 1223 4831; x_wconf 78' lang='lat' dir='ltr'>mor</span> <span class='ocrx_word' id='word_1_440' title='bbox 1269 4778 1345 4831; x_wconf 90' lang='lat' dir='ltr'>tum</span> <span class='ocrx_word' id='word_1_441' title='bbox 1389 4759 1549 4852; x_wconf 85' lang='lat' dir='ltr'>pervenire</span> <span class='ocrx_word' id='word_1_442' title='bbox 1580 4752 1623 4825; x_wconf 87' lang='lat' dir='ltr'>li·</span> 
     </span>
     <span class='ocr_line' id='line_1_44' title="bbox 223 4852 1623 4957; baseline -0.003 -28"><span class='ocrx_word' id='word_1_443' title='bbox 223 4876 296 4933; x_wconf 82' lang='lat' dir='ltr'>cer.</span> <span class='ocrx_word' id='word_1_444' title='bbox 324 4854 419 4929; x_wconf 80' lang='lat' dir='ltr'>Extat</span> <span class='ocrx_word' id='word_1_445' title='bbox 442 4858 579 4952; x_wconf 82' lang='lat' dir='ltr'>denique</span> <span class='ocrx_word' id='word_1_446' title='bbox 603 4862 718 4931; x_wconf 80' lang='lat' dir='ltr'>Galerii</span> <span class='ocrx_word' id='word_1_447' title='bbox 739 4856 922 4957; x_wconf 76' lang='lat' dir='ltr'>exemplum</span> <span class='ocrx_word' id='word_1_448' title='bbox 934 4858 973 4929; x_wconf 89' lang='lat' dir='ltr'>de</span> <span class='ocrx_word' id='word_1_449' title='bbox 989 4860 1078 4937; x_wconf 79' lang='lat' dir='ltr'>fine,</span> <span class='ocrx_word' id='word_1_450' title='bbox 1098 4862 1190 4947; x_wconf 83' lang='lat' dir='ltr'>eujus</span> <span class='ocrx_word' id='word_1_451' title='bbox 1209 4879 1282 4952; x_wconf 88' lang='lat' dir='ltr'>pars</span> <span class='ocrx_word' id='word_1_452' title='bbox 1297 4870 1424 4951; x_wconf 78' lang='lat' dir='ltr'>pptrct,</span> <span class='ocrx_word' id='word_1_453' title='bbox 1446 4852 1623 4945; x_wconf 83' lang='lat' dir='ltr'>altetalm·</span> 
     </span>
     <span class='ocr_line' id='line_1_45' title="bbox 222 4950 1628 5060; baseline -0.003 -31"><span class='ocrx_word' id='word_1_454' title='bbox 222 4957 332 5060; x_wconf 80' lang='lat' dir='ltr'>putris</span> <span class='ocrx_word' id='word_1_455' title='bbox 349 4974 475 5041; x_wconf 74' lang='lat' dir='ltr'>matter,</span> <span class='ocrx_word' id='word_1_456' title='bbox 499 4964 544 5029; x_wconf 88' lang='lat' dir='ltr'>ita</span> <span class='ocrx_word' id='word_1_457' title='bbox 555 4976 661 5029; x_wconf 83' lang='lat' dir='ltr'>tamen</span> <span class='ocrx_word' id='word_1_458' title='bbox 678 4961 836 5055; x_wconf 84' lang='lat' dir='ltr'>utprioris</span> <span class='ocrx_word' id='word_1_459' title='bbox 848 4963 1009 5039; x_wconf 71' lang='lat' dir='ltr'>materie.</span> <span class='ocrx_word' id='word_1_460' title='bbox 1032 4976 1107 5054; x_wconf 67' lang='lat' dir='ltr'>qu:</span> <span class='ocrx_word' id='word_1_461' title='bbox 1124 4952 1254 5036; x_wconf 68' lang='lat' dir='ltr'>discussa</span> <span class='ocrx_word' id='word_1_462' title='bbox 1270 4960 1334 5044; x_wconf 74' lang='lat' dir='ltr'>jam</span> <span class='ocrx_word' id='word_1_463' title='bbox 1352 4950 1628 5048; x_wconf 55' lang='lat' dir='ltr'>cleempyrcumd</span> 
     </span>
     <span class='ocr_line' id='line_1_46' title="bbox 332 5052 1571 5155; baseline -0.004 -28"><span class='ocrx_word' id='word_1_464' title='bbox 332 5056 474 5127; x_wconf 67' lang='lat' dir='ltr'>uallauit·</span> <span class='ocrx_word' id='word_1_465' title='bbox 495 5058 593 5155; x_wconf 69' lang='lat' dir='ltr'>Qpep.</span> <span class='ocrx_word' id='word_1_466' title='bbox 620 5060 714 5131; x_wconf 74' lang='lat' dir='ltr'>Tm.</span> <span class='ocrx_word' id='word_1_467' title='bbox 740 5060 810 5127; x_wconf 76' lang='lat' dir='ltr'>Ii&#39;.</span> <span class='ocrx_word' id='word_1_468' title='bbox 1196 5052 1231 5122; x_wconf 87' lang='lat' dir='ltr'>R</span> <span class='ocrx_word' id='word_1_469' title='bbox 1286 5075 1301 5140; x_wconf 79' lang='lat'>3</span> <span class='ocrx_word' id='word_1_470' title='bbox 1506 5072 1571 5119; x_wconf 74' lang='lat' dir='ltr'>ma·</span> 
     </span>
    </p>
   </div>
   <div class='ocr_carea' id='block_1_5' title="bbox 0 0 2222 6000">
    <p class='ocr_par' dir='ltr' id='par_1_6' title="bbox 0 0 2222 6000">
     <span class='ocr_line' id='line_1_47' title="bbox 0 0 2222 6000; baseline 0 4"><span class='ocrx_word' id='word_1_471' title='bbox 0 0 2222 6000; x_wconf 95' lang='lat' dir='ltr'> </span> 
     </span>
    </p>
   </div>
  </div>
 </body>
</html>
