4434 6000
458 558 1152 637 otvinoiuunaruutnauu
1171 513 1368 641 nonnis.
1474 592 1540 662 151

187 734 189 777 2
225 687 315 759 vefiec
342 692 521 786 contigisse,
546 716 653 787 quum
679 714 785 767 tamen
809 718 845 767 ea
870 716 941 793 pars
965 720 1030 765 non
1057 717 1112 793 ptr
1137 688 1166 763 se
1189 693 1378 776 laboraret,
1401 694 1452 768 sed
1476 694 1521 769 ob
1544 699 1601 769 lat·

187 838 188 875 3
224 788 330 855 sonem
357 784 452 886 spinae
476 814 494 861 a
518 816 586 886 qua
608 792 835 867 deducerentur
861 797 949 866 nervi
974 817 1013 865 eo
1038 797 1280 890 pertingentes.
1313 800 1393 865 ltcm
1427 802 1462 867 δι
1486 800 1602 890 digitos

223 906 372 957 manuum
397 891 548 985 paralyssn
577 888 706 987 pallos,
729 916 834 989 quum
860 894 951 967 nulla
977 896 1024 965 uis
1047 892 1140 980 illata
1163 895 1234 964 esset
1257 898 1402 974 manui,
1436 891 1485 965 sed
1511 894 1604 989 quod

222 984 326 1079 prime
352 983 503 1073 vertebrae
526 990 679 1065 laefionem
715 987 945 1091 pereepissent,
977 1012 1035 1062 tut
1069 1014 1133 1059 nou
1159 992 1241 1064 idem
1266 996 1391 1065 eveniat
1414 1014 1508 1063 utero
1531 1008 1544 1063 ι
1567 993 1603 1062 id

219 1076 407 1163 σιμιάχιιι,
432 1092 466 1161 &
492 1084 751 1183 parentalium
784 1088 929 1163 laborare
950 1090 1050 1159 Graeci
1073 1088 1208 1159 dicunt.
1235 1092 1324 1161 Alias
1350 1115 1420 1186 pars
1444 1116 1499 1189 per
1519 1088 1602 1183 sym·

222 1185 361 1278 pathiam
387 1180 532 1279 laborare
556 1188 714 1271 afficitur,
738 1192 815 1262 alias
840 1214 906 1259 non
931 1186 1099 1265 afficitur,
1130 1207 1278 1257 autnon
1302 1190 1429 1260 laeditur
1455 1194 1563 1287 potius
1589 1240 1600 1261 .

224 1282 268 1352 Ut
290 1284 316 1351 ei
344 1288 404 1375 qui
427 1308 464 1355 ex
489 1309 585 1365 curru
621 1290 776 1359 deciderat
814 1282 917 1357 senstra
950 1288 1130 1381 digitorum
1155 1282 1281 1355 amilius
1304 1306 1401 1365 etat,
1433 1294 1600 1360 &tamen

218 1382 245 1447 in
269 1380 359 1451 nulla
384 1403 471 1479 parte
495 1380 560 1482 ipsa
585 1408 698 1457 manus
722 1381 791 1457 lesa
814 1405 910 1463 erat,
936 1378 984 1454 sed
1010 1388 1044 1455 in
1068 1387 1177 1481 ptimo
1209 1402 1322 1454 exortu
1346 1385 1530 1551 nervipost
1554 1386 1599 1457 sc·

219 1480 350 1575 primam
375 1475 553 1553 vertebram
581 1486 766 1581 prodeuntis
788 1482 943 1581 particula
964 1480 1079 1574 aliqua
1103 1504 1124 1551 a
1148 1502 1217 1575 qua
1252 1504 1368 1554 nervus
1391 1481 1441 1551 sen
1456 1506 1513 1555 um
1539 1487 1600 1555 im·

220 1581 393 1670 parciturus
416 1581 634 1663 derivaretur,
658 1583 867 1655 inflammatio
890 1600 986 1651 erat.
1021 1580 1063 1649 Et
1087 1584 1243 1674 quoniam
1278 1576 1382 1650 trihus
1406 1578 1468 1652 sere
1492 1584 1598 1653 modis
1612 1600 1693 1687 Q,
1712 1616 1773 1665 me

221 1676 347 1745 aridius
371 1700 427 1773 per
450 1676 631 1761 conssnsum
657 1684 712 1759 fit,
734 1700 793 1752 aut
816 1684 972 1777 quoniam
996 1684 1125 1750 materia
1149 1677 1281 1749 odionis
1295 1680 1411 1751 auctor
1436 1704 1500 1751 non
1518 1676 1593 1778 sup·
1611 1683 1773 1762 dtsfhaas·

216 1777 312 1868 petit,
339 1794 395 1845 aut
418 1788 572 1869 quoniam
597 1777 730 1851 facultas
755 1804 819 1851 uon
843 1774 1094 1856 transmittitur,
1132 1796 1189 1849 aut
1214 1802 1372 1875 vaporum
1395 1781 1591 1849 humorum·
1602 1761 1693 1838 Μ’*
1722 1780 1772 1843 W

216 1893 274 1961 que
299 1876 528 1959 translatione,
553 1875 596 1947 ell
622 1874 678 1949 ubi
704 1899 774 1975 pars
797 1880 961 1955 laedatut,
993 1874 1037 1945 est
1061 1870 1119 1946 ubi
1144 1900 1209 1945 non
1233 1878 1395 1948 laedatur.
1432 1880 1480 1947 lta
1503 1880 1592 1948 enim
1602 1842 1771 1981 msffss:

215 1971 356 2041 Galenus
380 1968 506 2046 scribit.
529 1970 660 2066 Quibus
685 1971 830 2075 partibus
854 1977 904 2049 vcl
929 1981 1095 2051 materia,
1127 1976 1177 2044 vel
1200 1970 1357 2045 facultatis
1380 1972 1596 2071 suppeditatio
1605 1933 1707 2065 5323
1718 1969 1768 2082 Ᾰρ,

214 2080 435 2166 corrumpitur
458 2076 513 2159 (in
537 2096 639 2167 graeco
665 2076 781 2170 legitur
805 2066 1021 2153 mitium,
1045 2074 1078 2141 in
1103 2072 1205 2141 latino
1230 2074 1334 2143 codice
1358 2073 1496 2169 legitur,
1520 2070 1598 2174 sup-

215 2168 367 2260 peditatio
391 2194 454 2239 non
480 2169 711 2247 transmittitur
738 2176 749 2261 )
777 2174 935 2245 astionem
960 2169 1032 2241 laedi
1057 2165 1263 2267 probabiliter
1286 2171 1421 2247 dixeris.
1446 2191 1535 2267 parte
1551 2180 1602 2271 ip-
1733 2180 1739 2187 '

217 2258 274 2333 sam
301 2266 457 2339 aaronem
484 2267 667 2365 suscipiente
691 2294 898 2365 nequaquam
923 2263 1025 2339 lasa.
1052 2273 1097 2338 At
1122 2291 1198 2341 utro
1221 2270 1245 2337 ii
1269 2267 1320 2341 vel
1345 2293 1364 2339 a
1389 2266 1563 2368 vaporibus
1588 2316 1602 2349 ,

217 2364 261 2433 uel
288 2360 334 2433 ab
359 2365 551 2438 humoribus
575 2370 615 2437 ad
641 2366 738 2464 ipsam
763 2362 958 2443 venuntibus
981 2366 1115 2437 laedatur
1140 2413 1152 2443 ,
1176 2388 1247 2436 eam
1272 2391 1339 2435 non
1363 2370 1450 2441 teche
1474 2367 1603 2440 tttaesam

218 2461 351 2531 dixeris.
374 2466 477 2557 Quod
503 2466 670 2559 diligenter
695 2464 738 2536 cll
761 2466 1003 2537 annotandum.
1029 2462 1063 2533 Si
1096 2486 1151 2561 per
1175 2460 1204 2533 se
1228 2467 1402 2559 ligamenta
1426 2470 1604 2547 laedantur,

218 2578 254 2631 ut
281 2562 306 2629 st
333 2563 432 2641 nimio
456 2561 599 2637 delibuta
623 2568 758 2635 humore
784 2568 964 2639 madeant,
988 2562 1191 2633 laxenturac
1215 2562 1462 2646 remollescant,
1497 2570 1603 2639 viden.

217 2659 294 2729 dum
320 2681 363 2730 au
388 2662 420 2731 id
446 2658 488 2731 ab
513 2660 785 2763 aliis'partibus‚
820 2688 859 2735 an
887 2668 920 2732 iu
946 2654 1078 2756 ipsamet
1103 2678 1191 2757 parte
1216 2664 1302 2735 liat.
1339 2660 1394 2736 Ab
1417 2668 1485 2736 aliis
1508 2671 1604 2765 parti-

216 2751 296 2835 bus,
321 2760 424 2836 dieo,
459 2780 498 2833 ut
523 2786 628 2858 quum
654 2788 673 2835 a
697 2767 799 2861 capite
825 2808 837 2844 ,
868 2779 926 2834 aut
952 2755 994 2829 ab
1019 2762 1164 2858 hepate,
1198 2781 1256 2832 aut
1290 2762 1351 2834 alia
1376 2774 1490 2858 quavis
1514 2788 1602 2862 parte

219 2862 365 2951 perennis
389 2858 491 2930 fluxio
515 2860 588 2939 est,
623 2885 699 2957 quae
724 2880 827 2959 partes
850 2855 1005 2949 subjectas
1028 2862 1073 2929 ita
1098 2853 1253 2939 imbuat,
1287 2881 1326 2931 ut
1351 2864 1525 2932 naturalem
1549 2886 1602 2935 ea·

216 2976 286 3024 rum
313 2953 432 3028 statum
458 2964 608 3034 immutet
632 2985 667 3033 ac
692 2964 853 3035 invertat.
889 2961 1069 3030 Docuimus
1100 2960 1186 3028 enim
1222 2977 1296 3028 ante
1333 2978 1371 3026 er
1397 2963 1601 3056 Hippocratis
1711 3017 1718 3027 ,

217 3047 366 3126 bntetttia
391 3075 519 3130 uterum
545 3065 665 3132 ratione
690 3065 725 3132 δι
749 3063 881 3133 litus&
906 3055 1325 3164 conformationis-maxime
1357 3053 1532 3128 obnoxium
1554 3055 1601 3130 cs-
1611 3023 1773 3177 53ρῖξῖ

216 3147 242 3220 se
265 3151 516 3230 rheumatismo.
543 3161 649 3232 immo
673 3153 766 3230 facile
792 3167 826 3230 in
851 3181 890 3228 eo
914 3155 1014 3252 potest
1047 3152 1177 3222 formari
1204 3174 1241 3223 ea
1264 3153 1410 3224 diathesis
1432 3178 1531 3248 quam
1549 3181 1603 3229 ac·

219 3253 420 3326 commodate
446 3257 589 3328 Galenus
612 3253 781 3336 p‘maaata
807 3257 954 3329 vocavit.
982 3251 1014 3318 Si
1040 3257 1150 3342 itaque
1173 3246 1216 3320 ab
1239 3251 1375 3347 hepate.
1400 3256 1449 3325 etl
1474 3278 1494 3325 a
1516 3261 1603 3355 capi-

218 3367 246 3418 te
269 3353 365 3445 quod
391 3353 570 3446 plurimum
595 3357 632 3422 lit
656 3358 805 3449 opinione
830 3353 1065 3447 Hippocratis,
1103 3348 1211 3418 fluxus
1244 3351 1302 3420 fiat
1325 3358 1516 3446 perennitate
1537 3378 1602 3446 qus
1654 3357 1685 3405 7.

218 3447 422 3520 humentiora
456 3447 728 3544 imbecillioraque
762 3453 842 3520 uteri
873 3452 1042 3542 ligamenta
1075 3446 1284 3527 redduntur,
1318 3451 1403 3522 unde
1436 3454 1605 3524 laxationis

221 3552 302 3616 uteri
332 3548 423 3644 prola
446 3545 601 3643 fionisque
627 3546 762 3626 nascitur
786 3547 929 3618 occasio.
955 3549 996 3616 Et
1019 3545 1086 3616 hae
1111 3539 1154 3614 ab
1178 3547 1250 3619 aliis
1274 3543 1444 3643 partibus.
1470 3553 1601 3622 Circum

218 3666 355 3714 uterum
380 3571 502 3741 ipsim,
529 3649 617 3722 scuti
642 3668 714 3718 anre
738 3644 987 3716 demonstratum
1011 3643 1083 3722 eli,
1105 3650 1197 3738 copia
1222 3641 1380 3737 unguinis
1402 3654 1476 3736 cogi
1502 3648 1604 3744 potest

217 3765 281 3834 qua
308 3744 438 3814 tandem
464 3765 647 3844 erumpente
671 3747 814 3816 relaxatis
838 3769 902 3842 prae
936 3742 1126 3814 humiditate
1157 3743 1332 3834 ligamentis
1367 3761 1476 3814 uterus
1500 3749 1602 3841 proci·

220 3841 295 3911 dit.
329 3844 420 3914 Hinc
446 3847 557 3916 Aetius
581 3840 687 3945 lapsus
711 3847 828 3917 uterini
852 3845 938 3936 figna
962 3843 1088 3937 aliquot
1121 3841 1278 3937 explicans
1312 3836 1418 3912 scribit
1449 3847 1674 3940 principiocap·
1694 3869 1743 3929 7⁶.

225 3941 321 4034 ipsus
348 3938 514 4040 prolapsus
539 3939 720 4038 sanguinem
756 3943 898 4016 multum
933 3963 1086 4019 mamre,
1118 3939 1205 4008 unde
1240 3942 1480 4035 precordiotum
1506 3940 1602 4013 dolor
1610 3957 1694 4008 aena,
1714 3961 1745 4012 a.

221 4033 422 4131 insequitur,
445 4037 661 4124 lumborum,
685 4042 910 4142 pudendorum
940 4063 976 4112 ac
1000 4043 1057 4111 imi
1081 4047 1198 4110 umeris
1221 4062 1233 4104 ι
1266 4041 1340 4109 hinc
1372 4035 1450 4136 sapt
1476 4021 1728 4138 petico-sm*

220 4133 286 4206 lum
312 4136 358 4208 tsi
385 4161 425 4208 ne
451 4137 637 4235 refrigeratis
661 4141 722 4214 illis
745 4139 823 4211 locis
846 4141 1007 4210 convulsio
1031 4143 1115 4208 uteri
1139 4131 1377 4232 consequatur.
1403 4139 1464 4208 hed
1490 4134 1606 4213 sueces-

222 4229 255 4304 su
278 4241 435 4335 temporis
459 4245 541 4310 uteri
565 4242 670 4314 callosi
697 4243 800 4310 liunt.
828 4240 929 4316 Aut,
961 4257 999 4309 nt
1022 4239 1054 4306 in
1079 4231 1238 4309 vetetibus
1272 4234 1457 4332 annofisque
1479 4243 1608 4311 contin·

222 4354 289 4426 gtrc
312 4337 487 4408 docuimus
510 4359 613 4420 ants,
648 4337 793 4412 mucosus
815 4339 939 4408 humor
974 4333 1074 4434 potest
1098 4329 1281 4407 succrescere
1304 4339 1364 4431 qui
1396 4339 1608 4430 quemadmo-

221 4433 297 4504 dum
319 4440 355 4505 in
382 4437 442 4506 illis
466 4433 671 4533 nescioquas
696 4438 956 4532 strangulationes
981 4441 1120 4506 uterinas
1145 4435 1295 4514 invehit,
1329 4439 1372 4505 ita
1397 4440 1497 4507 nimia
1522 4436 1606 4508 mol·
1851 4435 1872 4478 '⁸

223 4531 389 4607 lificatione
413 4535 573 4612 hristum
599 4555 764 4608 uterorum
800 4534 900 4634 potell
931 4537 1106 4606 inducere.
1141 4537 1173 4605 Si
1207 4535 1293 4604 enim
1317 4536 1328 4616 (
1354 4551 1394 4603 ut
1415 4535 1539 4607 dictum
1563 4533 1609 4606 esl
1621 4563 1757 4644 Aptuca

221 4624 263 4700 ab
287 4633 466 4731 Hippot.)
500 4633 676 4710 abortionis
701 4633 764 4710 sete
787 4653 891 4706 metus
922 4633 1009 4707 adest
1039 4655 1142 4728 quum
1167 4634 1368 4724 cotylulones
1398 4633 1409 4715 (
1434 4653 1510 4729 quae
1533 4629 1676 4719 suntt5.
1691 4641 1756 4712 &a

222 4753 276 4800 ora
302 4753 463 4805 uenarum
487 4741 521 4808 lic
546 4740 737 4811 arcturum
759 4735 955 4812 adnectam
980 4734 1237 4832 pertinentium,
1267 4756 1306 4805 cn
1329 4727 1451 4826 quibus
1473 4735 1607 4800 chonon
1619 4725 1756 4786 camarare

223 4831 361 4923 pendet,
386 4851 452 4904 non
473 4851 587 4910 autem,
604 4837 724 4912 adnatat
746 4836 819 4934 ipfis
849 4830 964 4906 osculis
985 4855 1139 4908 vtnmum
1174 4853 1282 4900 canna
1310 4824 1448 4901 adenosae
1470 4845 1510 4896 ut
1531 4807 1688 4946 ιοιιιέἔηι·
1713 4887 1720 4901 .

221 4949 267 4999 tra
290 4919 459 5023 quosdam
481 4932 552 5004 Gal.
576 4931 717 5034 disputat
741 4937 754 5024 )
790 4933 888 5031 plena
912 4928 985 5004 sunt
1011 4923 1160 5038 pituitoso
1184 4951 1313 5040 mucore
1344 4931 1404 5018 qai
1429 4940 1533 5036 partes
1555 4905 1772 5042 ¹¹²·pnaiabnn.

222 5019 321 5100 bricas
346 5029 480 5110 reddit,
512 5054 617 5129 quum
639 5039 734 5106 etiam
760 5035 848 5105 nulla
872 5026 1057 5102 extrinsecus
1077 5047 1129 5172 'vis
1146 5027 1306 5206 1spctdpt,
1339 5043 1448 5092 nonne
1449 5023 1605 5197 1Ῐὶ(ιιπιὲιειιιι
1656 5049 1684 5102 a.
