4434 6000
383 529 504 593 menis·
622 547 664 602 ra
807 529 868 602 DE
889 523 1148 601 VIRGINUM
1164 519 1224 596 ET
1243 515 1511 604 Mtrttestutt
1529 522 1722 607 MORlliS.

374 629 532 750 ss2,2,::⁸
566 658 756 738 mulieribus
778 659 824 734 ob
848 671 985 741 nativam
1010 665 1267 738 constitutionem
1276 683 1547 735 excrementorum
1573 685 1729 756 magnum
1755 679 1952 758 proventum

369 766 495 849 semina·
565 762 649 844 bre,
674 783 712 834 ut
738 763 847 860 paffim
872 769 965 836 docet
990 763 1149 846 Galenus,
1170 765 1229 835 nisi
1253 759 1376 834 summa
1399 782 1465 832 arte
1487 781 1649 832 caveretur
1682 783 1722 830 ne
1745 760 1800 830 illa
1825 785 1953 833 moram

373 870 439 909 ’Μ
477 865 532 984 ’⁸¹⁵2
564 865 718 936 trahentia
741 867 912 956 aegrotandi
938 865 1132 936 occasionem
1155 865 1318 936 afferrent.
1344 864 1464 949 Quum
1488 863 1598 954 itaque
1621 878 1686 930 tam
1705 853 1783 927 bene
1806 881 1826 928 a
1850 879 1954 931 natu·

375 947 445 1024 ''l'‘
467 925 511 1064 ss'
522 1025 530 1040 ,
564 985 600 1033 ra
626 955 813 1031 mulieribus
835 961 1013 1032 consultum
1039 964 1105 1042 stt,
1142 963 1205 1031 illis
1227 955 1356 1031 obviam
1380 977 1449 1028 crat
1472 960 1613 1029 eundum
1639 949 1781 1034 morbis,
1804 953 1853 1025 sed
1876 959 1956 1028 lon·

375 1025 528 1168 ‘mnu'
562 1082 602 1154 ge
625 1077 735 1130 contra
761 1059 903 1133 ridemus
925 1061 1103 1152 contigisse.
1131 1061 1221 1130 Nam
1243 1057 1354 1128 nostris
1379 1047 1578 1151 temporibus
1602 1061 1636 1126 in
1660 1053 1800 1152 quodvis
1817 1050 1953 1126 morbo·

378 1167 457 1246 apto.
484 1184 532 1235 29·
560 1183 634 1230 rum
660 1179 760 1252 genus
782 1163 875 1230 etiam
900 1181 1083 1253 numquam
1110 1178 1204 1229 antea
1228 1158 1413 1229 auditorum
1439 1154 1585 1225 mulieres
1616 1173 1682 1226 tam
1707 1151 1796 1224 facile
1821 1173 1956 1250 tamque

377 1247 417 1306 ¹5⁶
428 1255 456 1306 ⁶·
467 1265 491 1308 c.
506 1267 532 1306 ¹·
561 1254 741 1352 srcqutnter
760 1261 929 1355 praccipites
953 1277 1075 1343 ruunt,
1092 1277 1139 1329 ue
1162 1257 1256 1326 nullo
1279 1275 1421 1352 tempore
1445 1259 1480 1324 δι
1503 1253 1576 1321 loeo
1598 1271 1711 1346 gravo
1746 1259 1780 1323 δι
1804 1245 1955 1346 fiequen·

376 1326 535 1465 fflm'l'
561 1377 607 1427 tes
630 1358 851 1452 experiantur.
875 1358 980 1422 lmmo
1003 1357 1047 1422 ita
1070 1353 1115 1421 est
1129 1375 1253 1421 eorum
1279 1373 1425 1430 natura,
1449 1351 1582 1442 ideaque
1605 1352 1780 1430 involuta,
1805 1369 1845 1419 ut
1868 1375 1955 1448 prae·

378 1407 533 1554 {baffi
563 1454 670 1524 sitista
693 1452 862 1522 oculorum
888 1453 951 1520 acie
977 1446 1150 1544 peritissimi
1174 1453 1296 1544 quique
1330 1453 1405 1519 artis
1439 1449 1584 1518 medendi
1617 1447 1759 1544 magistri
1785 1452 1818 1516 sn
1843 1451 1881 1517 iis
1905 1449 1958 1518 di·

380 1565 536 1638 sandeu-
562 1543 743 1645 gnoscendis
764 1552 854 1634 juxta
877 1569 914 1616 ac
938 1549 1084 1618 curandis
1108 1554 1307 1627 caturiant,
1337 1550 1437 1617 immo
1472 1565 1640 1640 tamquam
1665 1551 1843 1640 ignorantes
1867 1547 1957 1617 illud

375 1645 490 1724 separe.
561 1645 719 1744 quitquid
741 1642 803 1724 ess,
829 1647 970 1717 adDeos
986 1643 1095 1718 roserre
1119 1663 1293 1726 conentur,
1315 1646 1405 1740 quod
1429 1645 1476 1714 illi
1500 1668 1703 1715 communem
1722 1645 1858 1715 aliorum
1867 1667 1981 1717 mor--

562 1741 682 1818 borum
707 1741 823 1814 sortem
847 1762 1061 1842 naturamque
1085 1741 1232 1843 superare
1255 1745 1446 1819 videantur.
1483 1744 1584 1838 Qtod
1608 1739 1715 1840 ipsum
1740 1767 1781 1814 an
1805 1747 1959 1836 ignoran-

565 1848 619 1918 tia
642 1838 846 1915 tribuendum
872 1843 933 1922 sit,
956 1867 996 1916 an
1021 1847 1067 1916 ita
1092 1863 1207 1916 natura
1231 1837 1337 1913 morbi
1363 1842 1534 1912 mulierum
1558 1841 1743 1911 difficilioris
1767 1842 1960 1911 reconditio·

563 1939 669 2038 risque
694 1943 755 2012 sant
777 1944 965 2036 cognitionis
988 1965 1097 2037 quam·
1115 1950 1286 2021 virorum,
1310 1963 1352 2012 an
1379 1963 1453 2015 vero
1476 1963 1586 2012 earum
1603 1943 1843 2036 intemperantia
1868 1963 1960 2010 rom·

563 2040 693 2115 missum
717 2041 756 2110 fit
778 2059 816 2112 ut
839 2064 907 2112 cam
932 2059 1079 2113 naturam
1105 2043 1242 2114 induant
1261 2067 1271 2122 a
1293 2064 1335 2111 an
1361 2042 1469 2135 potius
1492 2035 1584 2108 nobis
1607 2035 1716 2109 sucum
1741 2033 1855 2108 saciant
1879 2062 1960 2110 mu·

564 2141 652 2212 lieres
675 2161 746 2235 quat
769 2161 873 2234 quum
898 2140 1007 2212 leviter
1031 2158 1223 2234 aegrotant,
1255 2157 1294 2210 ut
1329 2157 1396 2208 arte
1430 2135 1536 2210 aoslra
1566 2137 1812 2230 ιοιιοᾶιιιςιιι
1835 2140 1958 2230 adequi

566 2237 751 2339 possumtu,
776 2231 981 2334 nescioquas
1005 2235 1152 2309 dolorum
1178 2233 1289 2335 species
1303 2236 1476 2329 effingunt,
1499 2259 1535 2306 ac
1556 2230 1857 2305 comminiscantur.
1881 2239 1960 2307 1=loc

568 2360 668 2435 porro
692 2330 784 2408 nobis
806 2331 943 2408 dubium
968 2331 1027 2406 cll.
1052 2335 1124 2406 Nee
1146 2341 1231 2407 enim
1254 2329 1399 2406 credibile
1422 2357 1526 2427 quum
1546 2357 1662 2433 corpus
1686 2328 1825 2405 habeant
1842 2355 1881 2402 ex
1898 2359 1961 2432 pa-

566 2429 659 2506 ribus
681 2451 957 2527 coagmentatum,
983 2436 1030 2503 ita
1053 2429 1216 2511 obscuris,
1251 2439 1287 2503 sir
1309 2433 1537 2504 elementorum
1564 2431 1718 2502 missionis
1742 2433 1875 2503 modum
1902 2428 1962 2502 su·

568 2527 753 2630 parantibus
777 2527 897 2602 morbis
919 2530 1093 2697 implicati.
1119 2531 1193 2600 Hoc
1216 2525 1340 2627 ipsum,
1364 2546 1469 2624 quum
1497 2530 1625 2624 pedestri
1650 2531 1792 2603 oratione
1815 2528 1962 2602 excurre-

573 2651 669 2708 mus,
693 2626 784 2701 sacile
807 2624 849 2699 ab
872 2631 959 2700 omni
985 2650 1023 2698 us
1047 2631 1252 2726 percipietur.
1278 2624 1444 2698 Laborant
1467 2633 1552 2699 enim
1577 2630 1745 2702 mutiens.
1769 2623 1966 2702 laborant&

575 2731 665 2802 viri:
689 2723 740 2799 sed
764 2727 823 2796 hos
848 2730 1001 2800 acutiores
1025 2721 1129 2795 morbi
1153 2725 1328 2819 assligunt,
1351 2727 1419 2796 illas
1441 2727 1656 2798 diuturniores
1679 2776 1690 2806 ,
1715 2731 1780 2799 huc
1803 2734 1888 2798 enim
1915 2727 1967 2799 la-

572 2830 618 2896 cit
641 2829 676 2896 ἃ
759 2843 873 2899 ventus
895 2842 1185 2905 excrementorum,
1209 2831 1243 2896 δι
1267 2843 1547 2923 temperamentum
1571 2824 1733 2922 frigidius.
1759 2831 1966 2899 Excrementa

574 2919 664 2994 facilc
687 2849 892 3023 sbpersiuunt
915 2949 950 2996 ac
975 2943 1214 3019 congeruntur,
1235 2943 1306 2996 tum
1331 2920 1376 2994 ob
1400 2923 1602 3000 sedentariam
1619 2927 1819 3025 desidemque
1837 2929 1965 3007 vitam,

573 3037 648 3092 tum
671 3020 814 3099 t'lilslatus
836 3019 1102 3122 prohibitionem,
1127 3026 1213 3098 unde
1234 3028 1356 3100 exuvia
1377 3024 1468 3119 boile
1491 3029 1688 3100 retardantur
1721 3050 1759 3097 ac
1782 3026 1925 3097 reustum
1952 3076 1965 3095 .

576 3114 632 3188 Est
654 3135 761 3187 autem
786 3122 821 3186 sit
844 3125 904 3187 slsis
927 3119 1021 3195 densa
1044 3132 1158 3205 cutls,
1188 3131 1223 3199 δι
1246 3130 1407 3197 internum
1444 3150 1559 3223 corpus
1590 3119 1860 3198 obllrublionibus
1883 3130 1968 3195 intc-

578 3212 664 3285 slin'ts
687 3210 775 3283 sarde
798 3231 931 3309 patens.
965 3218 1067 3307 Qud
1093 3220 1215 3296 morbis
1238 3231 1273 3301 de
1296 3224 1441 3303 fovendis
1473 3231 1508 3299 δι
1580 3225 1747 3297 odueendis
1770 3222 1965 3297 occasionem

627 3312 733 3404 erigit.
757 3310 817 3382 Sed
841 3329 880 3381 ut
903 3307 990 3380 facile
1014 3316 1046 3381 in
1068 3312 1197 3389 morbos
1221 3324 1370 3391 incidunt
1394 3332 1428 3397 δι
1452 3327 1511 3398 diu
1569 3345 1674 3406 vent,
1705 3328 1751 3394 ita
1784 3348 1848 3393 non
1873 3344 1967 3417 aque

580 3334 671 3479 segue
693 3404 760 3481 sato
784 3404 1004 3504 defunguntur
1026 3432 1062 3480 ac
1087 3412 1173 3483 viri.
1207 3410 1259 3480 1².st
1283 3418 1368 3482 enim
1391 3422 1657 3501 consentaneum,
1682 3423 1871 3494 occasionem
1896 3430 1966 3488 non

580 3506 638 3579 esse
662 3511 888 3606 precipientem
913 3513 946 3579 in
969 3502 1088 3581 morbis
1112 3511 1306 3589 mulierum,
1329 3531 1369 3583 ut
1392 3513 1425 3577 in
1443 3514 1584 3584 virorum
1610 3514 1729 3585 morbis
1754 3567 1764 3587 .
1798 3515 1967 3611 Siquidem

581 3606 750 3677 occasmnis
773 3608 911 3681 celeritas
934 3610 967 3679 in
992 3628 1060 3682 arte
1084 3611 1229 3683 medendi
1253 3635 1292 3683 ex
1315 3634 1354 3684 oo
1376 3605 1536 3707 spectatur
1558 3613 1649 3706 quod
1682 3635 1797 3703 corpas
1821 3616 1968 3686 nostrum

582 3708 757 3803 perenniter
779 3704 908 3778 diffluat
931 3732 967 3779 ac
990 3709 1195 3790 disstlvatur,
1219 3729 1257 3781 ut
1282 3713 1419 3781 minimis
1442 3717 1616 3803 momentis
1637 3714 1783 3777 maxima
1814 3712 1971 3779 mutatio-

407 3818 559 3902 aanor.
583 3826 636 3875 nes
660 3810 695 3876 δι
719 3804 930 3877 inclinationes
952 3802 969 3866 l
990 3803 1048 3869 ὄπ’
1068 3802 1106 3868 d
1126 3804 1143 3870 l
1163 3802 1217 3871 ivl
1237 3802 1294 3883 al,
1318 3828 1358 3879 ut
1387 3807 1534 3902 loquitur
1567 3812 1805 3906 Hippocrates,
1839 3812 1970 3878 contin-

407 3905 441 3961 ἡ
478 3902 559 3959 Μ’
607 3920 661 3976 ant
683 3928 692 3973 a
717 3927 787 4000 quo
808 3928 942 4001 corpora
964 3908 1149 4004 dissipantur
1174 3906 1398 4005 disduuntque
1421 3912 1541 4001 magis,
1564 3930 1604 3978 eo
1627 3906 1744 3976 measro
1759 3904 1968 3979 celeriusela·

406 3998 563 4045 acutorum.
582 3925 675 4073 bitur
698 4023 734 4072 ac
758 3999 879 4081 effluit,
903 4007 1140 4103 cautioremque
1164 4002 1223 4076 sese
1247 4009 1383 4079 medicus
1408 4006 1550 4103 ptaeslare
1571 4000 1682 4077 debet.
1707 4004 1836 4101 Corpus
1859 4024 1971 4077 autem

586 4100 673 4176 virile
696 4121 770 4171 cum
796 4095 945 4171 muliebri
968 4125 1036 4174 com
1062 4125 1186 4177 aratum
1204 4130 1309 4202 quum
1334 4104 1458 4177 beslius
1477 4107 1636 4178 inaniatur
1655 4099 1888 4199 liquescatque,
1912 4128 1970 4177 ve·

586 4198 709 4271 sisimile
732 4194 775 4269 est
798 4200 948 4294 mulieres
971 4132 1090 4276 morbis
1114 4228 1146 4274 m
1190 4205 1217 4274 is
1237 4203 1397 4288 resilere,
1430 4228 1485 4274 ner
1510 4209 1612 4278 varias
1634 4211 1714 4279 vices
1747 4228 1821 4299 qua
1844 4210 1971 4273 contin.

442 4372 449 4390 ,
497 4368 510 4427 3
531 4367 552 4425 d
586 4319 658 4393 gere
676 4292 797 4376 solent,
819 4300 1155 4397 corporcrxistenrei
1190 4296 1325 4385 “mitt
1347 4309 1383 4377 δι
1400 4300 1591 4383 dissolubili,
1611 4300 1774 4374 sustinere.
1799 4302 1869 4371 Nec
1883 4304 1972 4374 enim

410 4380 521 4513 ῗζζὲή·
551 4387 620 4467 'in
644 4399 682 4467 iis
706 4402 843 4469 mutatio
866 4403 1022 4496 contingit
1044 4422 1102 4474 aut
1125 4426 1145 4472 a
1169 4421 1300 4482 natura,
1324 4422 1383 4475 aut
1407 4424 1426 4473 a
1449 4400 1603 4484 fortuna,
1626 4426 1700 4497 qua
1715 4401 1783 4469 duo
1806 4399 1971 4471 volucrem

412 4548 515 4590 mm
584 4497 618 4567 in
642 4514 708 4567 arte
733 4497 922 4569 occasionem
949 4504 1084 4573 maxime
1108 4500 1280 4581 efficiunt,
1314 4520 1353 4572 ut
1385 4524 1424 4571 ex
1459 4502 1599 4603 Hippoe.
1625 4502 1822 4593 colligetur.
1858 4498 1971 4569 Frater

406 4606 558 4687 Jubfinm.
584 4612 690 4670 autem
715 4614 986 4672 excrementorum
1011 4618 1227 4697 proventum,
1250 4620 1599 4698 temperamentumque
1633 4605 1781 4669 nativum
1806 4617 1827 4665 a
1850 4591 1970 4693 quibus

412 4698 512 4749 ΡΜ*
586 4688 716 4765 morbos
739 4699 772 4765 in
797 4694 985 4771 mulieribus
1016 4722 1146 4770 manare
1167 4696 1369 4780 censuimus,
1403 4700 1473 4771 duo
1513 4702 1573 4772 alia
1610 4697 1753 4795 plerique
1774 4697 1972 4790 effingunt,

414 4783 494 4846 ‘'ml’'
531 4763 567 4835 ὁ
586 4818 658 4887 qua
682 4793 819 4865 efficiant
844 4812 882 4864 ut
905 4802 939 4869 δι
966 4804 1123 4895 promtius
1144 4793 1265 4870 morbis
1288 4799 1472 4869 lacessantur
1493 4846 1505 4879 ,
1528 4804 1563 4871 δι
1643 4788 1798 4867 uliaribus
1822 4788 1972 4887 seruique

414 4868 567 4989 :mm
587 4897 742 4989 Pfflpriiss
765 4918 830 4963 non
853 4892 1076 4967 communibus
1098 4919 1171 4966 orm
1192 4900 1265 4969 airis
1282 4898 1540 4994 prehendantur.
1603 4920 1655 4969 am
1681 4900 1716 4968 &
1742 4910 1869 4968 uterum
1893 4914 1970 4960 eau-

407 5021 527 5093 proven
588 4983 725 5089 smila
750 4992 783 5061 ἃ
809 4995 926 5092 ingens
949 4990 1231 5094 imbecilitatem,
1264 5018 1347 5093 quae
1363 4997 1431 5092 duo
1453 5019 1496 5094 an
1520 4994 1644 5097 aliquid
1671 4994 1809 5073 efficiant
1824 4990 1971 5163 ,ἆξαι
