4434 6000
573 571 739 648 llBER
772 561 1195 644 bressenco,
1347 559 1349 565 ’
1497 588 1565 658 ²³3

220 694 293 764 dum
315 689 477 766 consessus
497 695 575 791 lapis
601 698 677 766 fiat.
705 695 746 762 Et
769 687 1001 788 quicumque!
1046 691 1096 760 ‘de
1120 690 1226 761 velicae
1250 685 1460 773 laborarunt,
1484 697 1505 766 ii
1526 703 1594 796 pri·

222 815 255 862 us
276 795 460 890 nephriticos
480 795 602 866 dolores
624 800 743 893 experti
768 789 858 862 sunt:
881 793 922 860 Et
945 791 1313 884 quocumquecalculns
1336 788 1477 872 obnixi,
1502 799 1597 867 ineo·

220 913 285 963 rsm
308 892 411 962 medio
435 895 567 965 nucleus
592 913 733 991 repertus
755 888 820 970 eli,
844 887 1350 964 verumrudimenrumerenibus
1373 888 1618 965 exturbatum·

221 989 276 1060 Sed
296 992 359 1062 bct
381 990 504 1063 lersom
526 987 602 1062 sunt
624 1015 741 1086 quea
775 1007 870 1061 tantu
905 982 1100 1082 nnnsopno
1134 985 1273 1084 proseffl
1305 991 1484 1070 dicarrtur,
1508 1017 1600 1086 quae·

219 1111 277 1184 qus
298 1109 431 1162 ruerem
453 1092 495 1162 de
517 1092 641 1162 calculo
664 1095 698 1160 in
722 1090 821 1165 velita
847 1089 987 1188 primurn
1014 1085 1130 1156 cordo
1154 1089 1337 1182 opinionem
1369 1085 1560 1163 tabefrunn
1585 1141 1598 1160 .

221 1188 275 1258 Sed
296 1191 356 1260 alia
379 1191 430 1261 bis
453 1191 643 1288 opponenda
667 1185 767 1265 sunt,
801 1205 841 1258 ut
864 1185 950 1257 latit
974 1186 1139 1276 utrimque
1162 1193 1364 1256 contentione
1398 1193 1510 1262 veritas
1533 1193 1606 1262 elu.

220 1306 294 1357 cert.
317 1290 394 1359 Tria
417 1289 486 1376 'ejus
510 1284 582 1359 sunt
606 1305 814 1383 argumento:
839 1303 878 1354 ut
902 1289 1045 1381 primum
1069 1287 1292 1355 rudimentum
1317 1309 1336 1356 o
1361 1309 1434 1357 rene
1457 1289 1600 1360 esecon-

218 1389 294 1458 ficint
313 1433 325 1464 ‚
347 1389 542 1482 nullumque
567 1389 702 1485 lapidem
726 1391 869 1482 primum
901 1387 935 1450 r'n
962 1382 1058 1454 uesica
1081 1379 1272 1453 concrestere
1306 1386 1509 1456 concludat.
1533 1389 1604 1457 Pri·

219 1507 300 1556 mum
325 1486 386 1555 est:
411 1487 470 1556 er
496 1488 622 1558 uidetur
644 1490 798 1556 remorari
823 1482 953 1554 cresum
985 1477 1210 1574 frigidumque
1245 1480 1372 1554 succum
1404 1486 1517 1556 calculi
1546 1509 1603 1584 pu·
1672 1542 1675 1548 .

219 1604 354 1663 rentem,
381 1603 420 1654 ut
440 1589 477 1654 in
501 1587 598 1658 uesieu
622 1591 726 1681 prima
750 1585 906 1652 conmetio
930 1584 1003 1652 fiat:
1030 1584 1216 1675 primuitaqr
1231 1589 1390 1654 concretio
1415 1607 1517 1656 arene
1540 1584 1604 1656 estr

217 1685 301 1778 quod
326 1703 435 1753 nutem
460 1707 524 1754 non
550 1704 692 1755 moretur
716 1685 847 1752 materia
869 1688 907 1750 in
934 1680 1049 1755 uesica,
1075 1675 1126 1751 ed
1150 1674 1242 1750 sutile
1265 1679 1424 1760 transeut,
1447 1683 1509 1756 hac
1529 1707 1607 1754 con·

212 1783 329 1874 reon
354 1779 632 1880 probet‚minirno
655 1785 782 1876 negotio
800 1801 937 1876 grumos
961 1785 997 1848 dc
1021 1800 1081 1876 pus
1105 1803 1125 1851 a
1150 1781 1246 1850 uedeo
1262 1778 1389 1859 effluit,
1413 1785 1495 1853 idern
1521 1807 1607 1878 quo·

215 1905 274 1976 que
299 1883 346 1951 illl
370 1877 488 1954 ristido
511 1882 674 1976 crassoque
693 1881 824 1952 humori
847 1883 1024 1972 contingit.
1050 1880 1222 1972 Egregium
1250 1903 1325 1950 vero
1349 1901 1602 1972 argumentum.

215 1982 273 2051 Pus
297 1988 333 2052 ὅσ
357 2003 493 2074 grumos
516 2005 535 2052 u
559 1983 656 2054 vesca
690 1984 873 2050 excernitur
904 1976 995 2048 ncne
1014 2019 1026 2052 ‚
1044 1998 1125 2069 ergo
1160 1979 1279 2047 humor
1310 1979 1365 2048 ille
1388 1977 1567 2072 glutinosos
1595 2004 1610 2060 ,·

214 2081 235 2149 ῦ
263 2084 377 2175 itaque
399 2083 494 2178 'lapis
522 2101 660 2175 eogatm
695 2075 773 2156 ibi,
797 2077 1017 2147 rudimentum
1050 2093 1178 2168 oportet
1201 2098 1221 2146 a
1246 2097 1319 2144 rene
1344 2079 1540 2150 mendicari·
1568 2077 1604 2150 Si

214 2185 294 2249 enlm
318 2199 384 2250 tnm
409 2176 505 2251 facilis
527 2203 548 2251 a
568 2181 665 2252 nesea
687 2183 815 2251 exitus,
833 2197 896 2244 eur
920 2171 1052 2246 nucleus
1074 2195 1092 2241 u
1116 2195 1190 2242 rene
1213 2167 1404 2244 deturbatus
1428 2199 1485 2272 per
1508 2178 1604 2244 dolo·

214 2299 257 2348 rcs
279 2280 495 2375 nephricicosl·
515 2301 585 2370 quo
607 2295 750 2369 tempore
771 2271 1056 2343 facultuoesomnes
1079 2275 1228 2342 inunum
1241 2276 1414 2365 nituntur)
1443 2283 1479 2344 ln
1504 2275 1603 2347 uesica

215 2393 377 2447 moraturr
402 2377 492 2447 Num
517 2382 556 2445 te
576 2379 681 2445 ceruix
706 2373 808 2444 vesicae
832 2389 943 2468 patet,
966 2390 998 2440 oe
1021 2367 1176 2448 annon,
1202 2375 1238 2442 dt
1261 2373 1396 2441 maxime
1418 2373 1450 2442 in
1477 2379 1603 2469 pueris,

212 2481 245 2545 dc
269 2501 336 2546 non
361 2483 466 2545 minus
490 2491 605 2543 natura
635 2476 751 2540 nititur
784 2487 928 2540 excutere
961 2470 1136 2548 arenulas,
1160 2491 1260 2563 quarn
1294 2489 1355 2562 pus
1387 2478 1606 2567 &grumum

211 2570 400 2667 snguinis..
424 2576 475 2644 sn
498 2567 557 2642 suo
581 2567 610 2640 ῦ
640 2567 783 2640 consodt‘t
804 2569 915 2663 gladio
950 2570 1133 2638 Fernefius.
1159 2569 1303 2640 Secunda
1331 2573 1400 2658 cios
1431 2576 1513 2641 ratio
1537 2574 1605 2642 hec

210 2673 266 2742 esi:
296 2675 372 2743 reto
394 2695 458 2742 non
484 2691 630 2742 moratur
652 2671 772 2738 humor
792 2671 828 2736 in
852 2668 972 2744 nefins
994 2676 1075 2762 quia
1099 2687 1197 2744 eum,
1222 2689 1260 2739 ut
1285 2669 1402 2739 &alia
1426 2672 1605 2768 craffapro·

212 2765 317 2842 babile
340 2775 379 2844 lit
398 2775 541 2842 excerni.
565 2768 684 2840 Eodem
710 2766 809 2840 ruodo
827 2789 884 2836 net
908 2766 1030 2836 burnus
1058 2770 1091 2836 in
1103 2759 1232 2836 renibus
1256 2762 1464 2848 retitrebitur,
1490 2773 1523 2838 δι
1538 2797 1605 2842 non

209 2889 364 2964 cogetur.
390 2874 494 2938 immo
517 2891 624 2962 quum
650 2887 764 2936 renum
789 2865 867 2963 lapis
892 2871 1001 2961 potius
1026 2889 1083 2962 per
1106 2859 1268 2936 adhesum
1293 2869 1496 2938 menolatum
1522 2872 1605 2952 fiat,

209 2991 287 3065 quae
313 2991 378 3041 non
402 2987 469 3041 torn
492 2985 692 3039 contumuees
716 2960 789 3036 sunt
811 2967 852 3037 ud
874 2960 1136 3038 desumendum,
1159 2987 1266 3058 quam
1280 2961 1507 3056 graminosum
1533 2989 1609 3039 cor·
1753 2995 1756 3006 ³

212 3065 378 3167 foliolum
403 3070 496 3166 quod
522 3072 555 3137 in
582 3068 679 3138 uesieu
712 3064 826 3162 lapidis
858 3069 987 3136 initium
1006 3064 1081 3143 en,
1100 3083 1164 3155 cur
1186 3087 1254 3133 non
1280 3065 1422 3155 quotidie
1446 3084 1563 3137 exeunt
1587 3088 1609 3140 u

212 3164 341 3239 renibus
375 3189 494 3246 arenas,
518 3186 621 3261 quum
647 3161 690 3236 ab
712 3168 750 3234 iis
776 3184 835 3263 pus
868 3170 903 3233 &
936 3183 1073 3255 grumos
1107 3162 1254 3254 quotidie
1289 3180 1501 3233 excerncture
1527 3166 1607 3236 Non

213 3271 293 3337 enisu
320 3272 427 3364 potior
457 3265 501 3335 en
530 3270 614 3334 rano
636 3288 695 3333 cur
717 3265 839 3333 humor
863 3256 1000 3331 viscosus
1022 3280 1147 3329 moram
1173 3282 1238 3329 non
1271 3260 1380 3330 rrnhat
1412 3264 1444 3331 in
1470 3264 1604 3344 νσῦσσ,

214 3369 238 3433 is
260 3384 368 3437 autem
389 3375 427 3437 sn
450 3358 580 3434 renibus
604 3358 745 3431 subsitat
768 3364 803 3431 &
827 3353 1022 3455 lapidestat.
1047 3363 1115 3429 Aue
1142 3358 1164 3425 ῦ
1189 3362 1222 3427 in
1256 3358 1353 3429 urfica
1378 3384 1443 3429 non
1467 3362 1505 3431 ῦσ
1529 3385 1604 3457 pro-

214 3457 317 3535 babile
343 3467 483 3541 humore
508 3468 648 3541 morari,
671 3460 762 3551 quod
786 3480 921 3553 grumus
945 3462 978 3524 dx
1006 3478 1067 3552 pus
1100 3474 1310 3537 excernatur,
1336 3459 1357 3526 ῦ
1382 3482 1491 3529 verum
1518 3484 1608 3552 quo·

212 3586 275 3657 que
299 3562 344 3633 esi
369 3588 388 3635 a
412 3558 541 3633 renibus
563 3562 670 3632 multo
692 3554 800 3656 sepius
815 3604 831 3636 ,
856 3562 891 3628 dc
916 3578 971 3653 ptr
1005 3576 1092 3625 rents
1114 3577 1206 3651 pus,
1232 3560 1265 3626 se
1298 3553 1448 3647 grumosn
1473 3580 1606 3653 corpora

210 3660 365 3740 tsducre,
388 3684 536 3733 cur-non
563 3664 629 3757 puri
656 3660 755 3727 modo
779 3655 866 3729 futile
890 3678 990 3728 arcnae
1013 3646 1219 3732 descendent,
1246 3658 1278 3725 ὃ(
1307 3655 1346 3724 ῦσ
1371 3654 1481 3727 calculi
1490 3656 1608 3727 occaso

200 3763 369 3837 ‘conaturi
397 3763 508 3833 Tertia
533 3763 616 3829 ratio
639 3760 818 3829 differetur.
1499 3788 1502 3802 ·
1594 3831 1598 3846 Ι

262 3862 311 3931 At
334 3862 425 3955 quod
450 3861 556 3959 eapirn·
575 3907 590 3938 ‚
613 3861 820 3936 caruncule,
842 3863 950 3951 grunni
972 3906 982 3937 ,
1007 3880 1068 3956 pus
1092 3880 1113 3930 n
1148 3850 1303 3936 renibus,
1325 3860 1419 3927 etiam
1445 3854 1531 3927 facile
1555 3876 1610 3927 er·

212 3965 416 4036 ternanensi
439 3964 488 4031 rel
514 3978 651 4053 quartus
675 3959 787 4056 aplxor.
805 3952 861 4027 lib.
884 3956 999 4055 plenus
1018 3958 1081 4026 eli.
1106 3958 1380 4031 Teliatureorum
1397 3954 1526 4026 lx'lioria
1549 3958 1611 4051 qui

209 4050 294 4125 subis
319 4060 355 4127 dt
381 4054 485 4127 orobo
517 4060 577 4127 tito
602 4058 648 4126 νῦ
672 4061 787 4128 essent.
813 4056 988 4125 Tesluntur
1012 4062 1047 4126 dc
1072 4062 1280 4133 cormunis,
1303 4078 1408 4149 quum
1434 4049 1611 4149 hypostases

219 4149 326 4226 orobo
350 4156 464 4225 similes
488 4160 637 4228 uideritne
656 4205 665 4222 .
687 4156 795 4247 Quod
820 4158 854 4225 dc
878 4159 911 4223 in
938 4150 1084 4223 febribus
1119 4156 1308 4231 evenit2in
1343 4148 1465 4249 quibus
1496 4153 1612 4223 crassus

218 4250 345 4349 sanguis
368 4258 404 4324 in
429 4256 542 4351 hepate
566 4275 624 4324 aut
649 4250 777 4325 senibus
800 4256 963 4322 exuritur.
990 4256 1204 4347 Sicgrumus‚
1228 4274 1306 4351 pus,
1327 4257 1364 4322 dt
1389 4252 1614 4348 corporandu-

218 4352 262 4424 lla
286 4378 307 4426 a
332 4350 463 4425 renibus
484 4350 727 4424 deturbnntur:
751 4374 828 4444 ergo
850 4352 873 4418 ῦ
896 4351 1042 4420 calculus
1074 4356 1108 4420 in
1133 4358 1168 4425 iis
1190 4356 1321 4445 cogitur
1342 4398 1353 4429 ,
1375 4344 1487 4421 eodem
1510 4352 1613 4423 modo

215 4452 348 4524 aliunde
372 4453 583 4553 repetendum
610 4452 723 4547 lapidis
747 4454 967 4521 rudimentum
990 4496 1002 4528 ,
1024 4472 1094 4545 quo
1120 4459 1154 4525 δι
1189 4456 1221 4521 in
1261 4451 1385 4522 νσῦσσ.
1414 4451 1501 4519 ldern
1525 4456 1612 4519 enirn

209 4550 247 4619 de
270 4548 406 4625 renibus
430 4558 467 4624 dt
492 4554 592 4624 uericn
616 4552 770 4639 judicium
793 4550 863 4618 est.
891 4548 964 4617 Nisr
1001 4550 1087 4619 dicat
1121 4551 1267 4623 arenulas
1298 4573 1318 4619 a
1353 4566 1426 4621 rene
1462 4572 1529 4619 non
1564 4550 1609 4619 ita

209 4643 286 4745 sepe
309 4647 520 4731 descendere,
541 4652 630 4745 quod
653 4648 733 4719 adsit
756 4650 922 4743 glutinum
944 4650 1111 4740 quoddam
1136 4676 1208 4745 quo
1234 4646 1416 4735 conjurans
1442 4648 1510 4718 fit.
1536 4648 1608 4749 Cur

211 4772 273 4819 non
297 4750 390 4819 idem
414 4751 578 4842 glutinum
604 4753 638 4819 in
663 4748 762 4817 vesica
785 4752 862 4817 erit?
891 4750 996 4817 immo
1020 4754 1055 4819 in
1078 4772 1117 4820 ea
1143 4754 1243 4843 magis
1267 4748 1428 4823 cernitur,
1453 4744 1544 4836 quod
1570 4746 1605 4812 in

207 4846 412 4939 mundique
444 4866 641 4924 excrementa
673 4846 870 4918 confluant.
898 4846 1005 4915 Renes
1038 4854 1180 4945 corporis
1211 4846 1382 4917 colluviem
1408 4844 1564 4937 recipiunt
1593 4884 1607 4919 ι

209 4938 257 5014 sed
288 4963 508 5038 utrorumque
542 4946 666 5023 νσῦσσ,
691 4938 1049 5017 immodesuumhobet
1083 4956 1250 5043 proprium
1285 4939 1603 5031 excrementumglu·

210 5040 514 5117 tinosum&ctnax.
539 5048 579 5116 lit
590 5042 891 5141 quumspormatica
904 5044 941 5115 sit
953 5064 1024 5140 pnrs
1041 5043 1223 5138 &frigidm
1247 5044 1327 5113 dum
1345 5040 1496 5117 nititurjn
1511 5032 1599 5109 suum

307 5143 450 5215 Ballonix'
469 5145 568 5240 Opem
590 5147 687 5241 Turne
708 5150 767 5219 IV.
1139 5160 1174 5229 0
1229 5162 1246 5229 3
1395 5150 1544 5208 naturam
