4434 6000
353 557 524 636 titur
552 560 620 634 us
645 547 988 632 uarunuuir
1016 543 1368 623 irruosrasr:
1473 571 1543 643 257

212 684 308 760 morbi
332 689 481 778 calidior,
505 684 664 783 progressu
688 681 890 758 incrassatur,
916 706 972 754 nec
996 689 1077 755 cuim
1105 690 1261 783 parotides
1285 709 1343 760 aut
1365 686 1514 764 abscessus
1534 715 1592 788 ap·

214 806 340 884 parent,
367 789 421 857 nisi
447 788 560 858 arcuo
586 781 805 882 progressoquc
831 775 970 860 morbo,
996 807 1062 854 una
1086 805 1194 856 tamen
1217 794 1358 883 exceptio
1392 789 1462 861 ell.
1497 791 1588 861 Nam

215 894 247 955 in
271 879 421 955 laboriosa
445 879 532 956 febre
556 881 618 954 sete
640 885 733 953 initio
759 899 949 975 argumenta
973 874 1122 952 abstersus
1153 907 1332 981 apparent,
1367 891 1402 957 dt
1428 889 1513 958 illius
1546 885 1592 960 se·

217 979 277 1052 bris
299 988 468 1082 proprium
491 982 556 1058 cll,
580 1001 617 1052 ut
639 989 705 1052 cito
727 975 876 1050 abscessus
901 981 975 1058 liat,
1001 1003 1056 1049 nee
1081 981 1207 1074 longius
1231 1004 1357 1082 tempus
1390 1009 1427 1058 tx
1465 987 1591 1066 stetur,

216 1099 252 1152 ut
276 1084 306 1150 iu
328 1083 398 1154 aliis
420 1074 582 1152 sebribus.
609 1080 680 1151 Gal.
703 1097 742 1148 ut
765 1079 907 1155 redeam,
931 1075 1062 1146 Sudoris
1086 1085 1215 1150 materia
1238 1105 1258 1151 a
1282 1085 1394 1152 calido⁴
1432 1109 1493 1154 oco
1523 1084 1591 1161 cll,

219 1185 252 1248 δι
275 1173 348 1276 saepc
374 1180 498 1256 calida,
522 1177 625 1250 llatim
650 1177 763 1270 fligida
788 1169 939 1244 stirtkur:
962 1175 1041 1245 dum
1068 1168 1140 1245 bilis
1163 1197 1225 1247 aur
1249 1179 1332 1248 allus
1365 1182 1483 1252 humor
1516 1207 1591 1253 eum
1602 1187 1680 1244 ΟΜ.
1703 1178 1738 1257 tl

219 1273 366 1369 sanguine
387 1273 615 1358 cmisunditur,
639 1283 673 1344 δι
699 1281 731 1344 vi
756 1274 868 1342 caloris
892 1281 990 1369 parcis
1014 1277 1188 1354 mittentis,
1212 1281 1246 1344 &
1272 1280 1417 1346 incendio
1441 1258 1764 1375 recipito-Albus·

217 1378 254 1444 tis
276 1376 315 1444 ad
340 1371 504 1448 cerebrum
528 1372 650 1452 feuur,
673 1367 719 1442 ibi
744 1393 865 1441 moram
889 1371 1017 1440 trahens
1040 1373 1168 1466 cogitur
1190 1397 1227 1444 ae
1250 1378 1435 1471 congelatur
1454 1423 1463 1442 .
1500 1381 1593 1448 Dum
1604 1359 1636 1409 ⁴⁶

220 1466 1030 1664 scissibilis?dissimilii?
1045 1471 1600 1671 ,lislassrhl'iinl'lblmlulli

222 1672 416 1748 committit,
439 1669 623 1766 cataleptica
646 1670 680 1735 δι
706 1669 841 1737 carotiea
864 1671 1083 1762 contingunt,
1109 1671 1142 1738 δι
1167 1671 1353 1741 alteratione
1385 1667 1527 1750 cerebri,
1565 1679 1601 1744 dt

221 1771 254 1840 vi
277 1770 482 1864 opprimentis
504 1769 648 1838 humoris
672 1769 706 1836 dt
731 1763 876 1843 attraffl,
901 1770 935 1834 dc
960 1763 1054 1841 elati,
1078 1770 1115 1836 de
1138 1770 1171 1835 in
1195 1762 1322 1838 cerebro
1344 1770 1447 1841 eoacti
1482 1777 1517 1840 δι
1552 1793 1602 1838 re·

221 1862 383 1960 frigerari:
406 1867 544 1938 declarat
567 1867 709 1936 curatio.
733 1865 822 1932 Nam
855 1859 1118 1934 evacuationibus
1153 1867 1187 1930 δι
1222 1867 1286 1939 alvi
1318 1871 1481 1962 profluvio
1512 1892 1602 1937 mor.

223 1958 257 2050 bi
282 1961 427 2036 molestiis
448 1961 641 2042 liberantur,
665 1961 720 2032 nili
745 1957 807 2030 lbla
832 1962 977 2031 alteratio
1000 1981 1057 2030 aut
1081 1964 1230 2030 alienatio
1253 1967 1285 2030 in
1310 1963 1402 2034 causa
1427 1967 1491 2033 sit.
1517 1969 1605 2054 Ergo

228 2055 379 2132 sibiliofi
404 2057 507 2134 morbi
533 2063 689 2159 parotidas
711 2063 815 2136 cient,
840 2083 903 2126 non
931 2059 1046 2136 initio,
1069 2083 1134 2126 non
1157 2081 1263 2152 quum
1288 2055 1359 2130 bilis
1393 2061 1520 2140 servet,
1554 2058 1605 2132 sed

214 2167 378 2253 'promoto
402 2157 540 2238 morbo,
563 2167 597 2232 dc
623 2151 750 2230 cerebro
774 2155 865 2225 malis
889 2149 1143 2226 exhalationibus
1167 2157 1313 2251 repleto,
1346 2177 1385 2228 ut
1418 2152 1490 2228 bilis
1525 2181 1608 2250 quo-

225 2258 400 2330 dammodo
423 2276 636 2352 temperetur,
660 2277 718 2324 cur
743 2275 807 2322 nou
832 2255 914 2324 idem
939 2254 1059 2324 humor
1081 2257 1245 2324 materiam
1271 2255 1425 2351 hypostasi
1442 2253 1608 2349 suggeret,

228 2351 300 2426 bilis
321 2363 406 2428 enim
431 2361 474 2426 ita
499 2350 730 2432 amnestiam:
754 2367 838 2420 errat
862 2352 971 2444 quiid
997 2375 1062 2418 non
1087 2353 1202 2422 eredit.
1229 2355 1318 2422 Patet
1341 2355 1433 2449 quod
1459 2359 1534 2424 alias
1550 2377 1606 2424 na·

226 2471 304 2524 tura
330 2449 397 2523 solo
422 2455 596 2550 putredinis
620 2450 751 2547 reprellu
776 2465 923 2518 contenta
947 2447 1019 2524 eit,
1042 2450 1119 2519 alias
1142 2453 1275 2544 requirit
1298 2454 1506 2522 exclusionem
1541 2475 1610 2522 ma-

231 2555 321 2622 teriei
347 2575 367 2622 a
390 2552 494 2624 calore
514 2551 641 2626 avida.
669 2549 705 2616 ld
725 2547 863 2617 indicarit
880 2543 1029 2616 abscessus
1058 2543 1189 2616 morbos
1216 2544 1387 2629 solventes,
1415 2555 1449 2620 δι
1476 2545 1608 2646 copiosas

229 2653 330 2719 urinae
347 2643 390 2718 ab
406 2645 541 2722 abscessu
560 2646 748 2721 liberantes.-
773 2647 846 2716 lu'ue
863 2649 1072 2742 Hippocrates
1092 2641 1241 2716 absceihrs
1260 2651 1318 2758 qui
1335 2673 1401 2719 nun
1420 2643 1550 2718 solvunt
1564 2651 1606 2718 ad

229 2750 349 2844 primas
372 2741 484 2829 criste,
508 2748 742 2843 longitudinem
762 2737 865 2814 morbi
886 2746 1028 2838 fignant.
1056 2747 1161 2814 Gnate
1183 2740 1359 2822 decanam
1382 2741 1423 2822 iel
1447 2739 1607 2825 λυόμενα,

232 2870 299 2918 uox
323 2837 447 2922 λιιῦμω
469 2842 513 2918 ab
536 2848 603 2918 aliis
626 2845 729 2916 afflue
753 2843 915 2920 redditur,
938 2837 979 2914 ab
1001 2845 1067 2912 aliis
1091 2844 1204 2940 paffivt
1229 2866 1268 2914 ut
1290 2851 1429 2927 dicant,
1461 2841 1612 2916 abscessus

230 2945 290 3030 qui
316 2965 382 3014 non
406 2939 590 3019 solvuntur.
617 2945 663 3013 At
687 2948 759 3037 quis
783 2938 885 3013 sensus
908 2939 971 3013 tsls
998 2941 1111 3013 melius
1134 2943 1262 3020 rusve,
1287 2951 1347 3039 qui
1372 2939 1521 3018 abscessus
1546 2965 1611 3011 iton

234 3038 365 3141 solvunt
389 3040 448 3141 sup
473 3047 494 3115 l.
521 3038 669 3117 morbum
694 3043 899 3139 protrahunt.
930 3040 979 3110 Ni
1005 3040 1082 3112 velis
1105 3063 1143 3110 cr
1180 3042 1374 3134 Hippaerare
1409 3044 1523 3141 passive
1558 3062 1612 3111 cr-

234 3142 367 3235 plicare‚
389 3070 514 3235 quibus
538 3144 579 3215 ad
603 3162 694 3215 aures
717 3136 867 3213 abseeliut
892 3162 956 3208 non
973 3134 1211 3233 supputantur,
1240 3132 1344 3201 «ti-aiut
1358 3132 1778 3231 aramma-,tradetu-

234 3242 273 3309 fit
297 3236 454 3335 relapsus,
479 3240 578 3317 idesl,
602 3242 659 3311 nisr
682 3234 740 3309 suo
763 3240 861 3309 modo
885 3234 1046 3307 solvantur
1071 3242 1104 3306 δι
1129 3239 1332 3318 evanescant,
1357 3241 1398 3309 fic
1421 3233 1613 3318 aonam-,t
1628 3212 1717 3277 Μ·

234 3330 494 3411 ‘svmmvm
510 3338 605 3409 affine
626 3336 706 3428 quid
730 3330 867 3405 habent.
895 3332 954 3404 Sed
979 3336 1047 3404 hac
1070 3338 1163 3405 alias.

286 3436 473 3507 Secundum
491 3451 719 3529 argumentum
739 3431 803 3512 ell,
827 3426 920 3503 sebris
944 3438 1071 3504 materia
1095 3440 1131 3503 in
1154 3434 1238 3507 statu
1263 3432 1367 3508 morbi
1391 3460 1455 3507 non
1478 3448 1618 3511 excerni·

238 3554 293 3605 tur
319 3534 489 3631 purulenta
513 3552 571 3603 aut
594 3525 690 3609 alba,
713 3526 762 3603 sed
788 3530 874 3604 flava
899 3550 997 3621 atque
1022 3526 1153 3603 biliosa.-
1180 3536 1265 3628 Ergo
1289 3538 1310 3603 fi
1334 3558 1401 3629 qua
1425 3536 1617 3630 hypostatis,

237 3658 303 3703 non
328 3631 372 3703 cll
398 3654 468 3727 pars
494 3635 628 3703 materia
652 3652 726 3723 qua·
749 3650 944 3725 putruerat:
980 3636 1112 3701 materia
1145 3635 1326 3703 antecedent
1348 3628 1485 3702 sebrium
1509 3636 1622 3705 arden-

237 3734 324 3801 tium
350 3754 416 3801 non
439 3729 482 3801 cll
506 3732 626 3801 humor
649 3731 783 3798 omniuo
814 3724 971 3806 biliosus,
1003 3724 1051 3799 id
1086 3729 1201 3799 crudus
1233 3735 1359 3799 mittens
1390 3730 1622 3803 exhalationem

237 3823 356 3899 febrem
380 3828 612 3899 accendentem.
637 3828 725 3897 Idem
751 3827 870 3899 humor
892 3820 1015 3897 subiens
1040 3850 1134 3899 venas
1159 3826 1260 3921 potest
1279 3822 1468 3898 exalbescrre
1483 3852 1548 3898 non
1565 3853 1622 3900 cx.

238 3928 312 3997 abia
336 3922 478 3997 albedine
502 3945 576 4021 quat
599 3930 632 3995 in
656 3926 717 3995 alio
740 3926 874 3995 humore
899 3928 1097 4019 requiritur:
1122 3923 1212 3994 Nam
1237 3921 1308 3997 sunt
1331 3920 1458 3999 divers:
1474 3926 1623 4025 hypolla.

239 4020 309 4093 sert
335 4028 370 4093 δι
394 4024 463 4093 licet
495 4020 609 4095 alboris
644 4026 786 4093 meminit
811 4026 1041 4119 Hippocrates,
1067 4048 1132 4092 nou
1156 4024 1294 4095 excludit
1320 4024 1471 4097 flantem
1504 4048 1625 4119 quam·

238 4123 314 4192 dam
341 4142 401 4217 pru
425 4140 540 4193 natura
564 4124 709 4193 humoris
734 4118 890 4193 morbifici
915 4122 1012 4192 modo
1036 4122 1115 4192 adsit
1141 4122 1236 4195 lavor
1258 4127 1293 4189 δι
1318 4124 1500 4217 aequalitas.
1526 4118 1625 4195 lnbi·

241 4217 316 4292 liosa
342 4220 511 4316 pleuritide
536 4217 628 4318 sputa
654 4222 740 4291 slava
765 4216 868 4297 sunt,
892 4220 982 4291 cocta
1006 4238 1114 4289 tamen
1139 4225 1174 4289 dc
1246 4221 1332 4291 ualia
1356 4217 1447 4291 sunt.
1470 4226 1512 4292 Et
1548 4223 1624 4293 licet

240 4313 327 4413 sputi
350 4317 588 4389 cressementum
615 4318 826 4415 purulentum
850 4312 961 4389 album
987 4316 1055 4396 fit,
1081 4244 1306 4389 minima'bilis
1329 4321 1479 4390 allusione
1502 4324 1540 4393 tit
1562 4344 1623 4391 au·

240 4412 452 4511 ruginosum.
480 4412 596 4487 Bilioso
623 4416 785 4511 profluvio
810 4411 915 4487 morbi
939 4410 1039 4485 biliosr
1065 4412 1264 4497 solvuntur,
1287 4438 1394 4488 tamen
1420 4442 1484 4487 nou
1514 4419 1625 4487 exclu-

240 4515 330 4587 ditur
355 4520 520 4587 urinarum
547 4516 715 4587 crassatum
741 4518 774 4583 δι
800 4514 964 4587 costarum
981 4516 1209 4595 commoditas,
1233 4522 1335 4587 immo
1351 4514 1528 4611 aliquando
1540 4538 1626 4589 mor·

245 4608 325 4684 bum
351 4611 501 4687 solvunt.
527 4614 570 4685 Et
595 4617 664 4713 Hip
697 4634 805 4691 ,rates
829 4616 868 4685 de
891 4614 1002 4686 Caufis
1028 4614 1162 4709 loquens
1196 4616 1274 4687 alios
1298 4610 1341 4683 ab
1377 4608 1543 4687 ichoribus
1575 4636 1627 4683 re·

247 4716 344 4809 petit,
370 4713 449 4781 alios
471 4736 490 4783 a
502 4718 631 4879 pituita
654 4636 730 4783 ὦκα
755 4716 789 4783 dc
814 4718 922 4811 putris
945 4736 1013 4783 uno
1037 4714 1135 4783 modo
1157 4738 1223 4783 non
1246 4709 1415 4785 solvuntur
1446 4706 1552 4781 morbi
1576 4705 1628 4779 bi·

246 4812 312 4881 liosr
337 4832 442 4903 quum
467 4812 499 4879 di
514 4836 569 4907 par
594 4814 630 4883 lit
655 4812 810 4882 matericsr
836 4814 898 4883 lits
926 4806 1109 4883 uniusmodi
1134 4808 1215 4881 foret
1239 4814 1409 4885 materies,
1444 4830 1503 4877 cur
1525 4810 1626 4879 medi-

212 4906 213 4978 ᾖ
249 4927 393 4979 ramenta
411 4906 537 5001 choiag.
563 4914 597 4980 δι
622 4910 855 5006 phlegmagoga
881 4910 974 4981 simul
999 4910 1140 4979 damus?
1165 4910 1253 5001 Ergo
1284 4900 1475 4985 sumis·
1509 4899 1633 5003 sptstad

250 5030 342 5079 tuus.
368 5004 510 5076 Tenuior
533 5006 663 5100 quidem
689 5031 761 5105 pars
786 5004 858 5081 bilis
883 5027 939 5083 aut
963 5002 1064 5081 serum
1089 5001 1208 5077 sabrtm
1232 5006 1389 5085 aocertdit,
1413 5010 1448 5076 dc
1471 5022 1548 5074 tuuc
1570 5005 1631 5097 hy-

350 5105 491 5183 sationis
515 5108 611 5201 uper.
638 5110 734 5179 Tm.
765 5112 825 5196 rr,
1227 5105 1261 5221 se
1484 5099 1588 5199 posta.
