4434 6000
515 505 1376 593 -‚.Guuta1,u1uxrrouttrtualt,
1564 511 1586 611 7·

284 619 458 708 omnibus,
473 643 552 700 -tum
578 621 634 696 srbi
653 623 732 726 ipsis
752 643 888 698 mutuo.
918 629 1091 698 Utrumvis
1106 624 1244 698 seorsum
1265 651 1321 698 nec
1336 621 1394 698 fibi
1413 649 1471 702 nce
1489 655 1564 707 vero
1584 633 1634 704 ai.

284 731 343 800 teri
363 724 433 798 satis
457 727 518 798 est:
538 729 666 798 'Eorum
686 733 793 796 aorem
822 725 887 795 hac
906 731 954 798 vis
979 723 1048 795 est:
1072 728 1154 822 ignis
1176 733 1288 798 ornnia
1314 749 1370 824 per
1391 736 1500 802 omnia
1527 754 1634 806 movet

285 849 322 898 ac
337 832 381 896 im
435 827 493 905 lir,
517 847 602 919 aqua
618 829 724 895 amnia
744 829 778 909 ,in
796 821 947 894 omnibns
958 827 1075 894 nutrit.
1102 827 1260 897 peculiare
1278 845 1383 896 autern
1399 824 1487 900 estur
1506 849 1634 900 urrum-

284 919 353 1016 que'
373 942 497 1024 oprtet
513 949 548 996 ae
573 921 736 1021 superetur
760 951 768 992 ε
794 943 944 995 neutrum
969 919 1112 994 absolute
1138 920 1290 1022 superer:
1316 924 1350 993 Si
1367 927 1448 1017 ignis
1477 926 1635 1026 superaret
1759 923 1763 929 ’

1652 685 1726 763 Hipp.
1741 685 1808 748 illl.

282 1024 480 1122 simpliciter,
506 1025 871 1104 deficereratmenrum
898 1024 942 1092 fin
968 1021 1077 1114 aqua,
1102 1044 1210 1094 motus
1233 1023 1362 1096 deesset.
1387 1023 1537 1097 Pluribus
1554 1051 1634 1126 pra-

281 1125 521 1220 tereajexplirat
555 1123 664 1215 quales
690 1123 841 1192 exsistant
862 1117 998 1214 quibus
1023 1119 1095 1218 plo‘s
1127 1121 1312 1193 alterutrius
1341 1126 1487 1224 principii
1520 1127 1594 1196 infir
1624 1174 1634 1195 .

282 1225 512 1314 Qtaeumque
529 1226 613 1292 enim
641 1217 781 1306 adiiories
804 1224 836 1308 in
861 1215 952 1290 nobis
961 1221 1102 1297 elucent,
1120 1241 1165 1290 ere
1188 1238 1247 1290 ant
1263 1224 1435 1311 ignemaot
1452 1247 1634 1315 aquamre·

279 1318 404 1400 ierunt,
430 1323 594 1412 undequi
620 1315 724 1388 insulsi
733 1365 744 1398 ,
769 1313 882 1396 bardi,
908 1317 1018 1387 molles
1035 1340 1070 1386 ac
1094 1321 1213 1386 minuti
1239 1311 1330 1394 sunt,
1354 1337 1406 1384 eos
1432 1343 1552 1412 aqueos
1575 1347 1635 1395 uo·

278 1441 419 1490 camus:
445 1414 566 1510 quibos
590 1423 638 1488 vis
656 1413 731 1487 inest
751 1415 889 1488 vividior
912 1434 949 1484 ut
975 1415 1015 1486 ad
1038 1416 1146 1486 omnia
1173 1413 1288 1486 alacres
1312 1419 1346 1482 δι
1364 1420 1500 1510 expediti
1536 1420 1596 1488 sint
1622 1463 1635 1496 ‚

279 1539 334 1588 eos
360 1521 470 1610 igneos
492 1518 653 1586 dicimus.
679 1515 763 1604 ignis
788 1519 872 1584 enim
901 1519 1002 1584 motio
1028 1559 1039 1590 ‚
1063 1513 1214 1606 impulsio
1233 1541 1250 1594 ·,
1272 1537 1311 1585 ac
1334 1513 1473 1588 celeritas
1505 1519 1634 1616 proptia
1651 1549 1748 1602 pm„
1773 1564 1809 1602 4.

276 1615 322 1710 eil¹
346 1639 356 1684 r
382 1637 477 1706 aqua
502 1637 576 1687 vero
599 1613 729 1684 tarditas
753 1655 763 1691 ,
788 1615 823 1683 dr
846 1615 992 1706 ignavia.
1019 1615 1130 1704 Atque
1152 1615 1220 1683 duo
1242 1613 1299 1685 illa
1326 1616 1474 1716 principia
1497 1634 1633 1712 argutu-
1649 1627 1745 1685 aiones
1761 1627 1792 1682 in

278 1713 332 1783 lus
357 1713 488 1803 quidam
513 1713 675 1782 traducat:
695 1713 793 1802 'quod
829 1734 865 1782 ea
891 1708 954 1782 sola
983 1711 1202 1810 Hippocrates
1225 1712 1422 1783 constituere
1448 1716 1593 1787 videatur
1619 1703 1810 1800 ,nursam

280 1811 372 1902 quod
386 1805 430 1881 ab
452 1817 517 1897 ejus
541 1808 690 1882 sententia
716 1813 751 1878 dr
775 1812 998 1909 primariorum
1010 1811 1202 1882 medicorum
1224 1807 1410 1899 abhorreat.
1433 1814 1630 1906 Quinetiam
1648 1779 1787 1937 ΨΜ

278 1909 442 1980 mordicus
466 1913 498 1980 in
523 1933 558 1980 ea
584 1910 777 1980 haereseum
796 1909 962 1980 constitisse
976 1933 1014 1980 ex
1038 1910 1104 1979 aliis
1127 1917 1192 2002 ejus
1215 1910 1344 1983 decretis
1352 1915 1499 1984 conficere
1517 1908 1628 2008 poffir.
1648 1880 1771 2021 {25⁸⁸

276 2010 367 2078 idem
392 2011 474 2078 enlm
497 2015 610 2078 erroris
626 2003 818 2098 inscitiaque
834 2025 951 2082 veteres
974 2007 1135 2079 insimulat
1154 2011 1213 2101 qui
1242 2030 1384 2104 quatuor
1409 2011 1629 2082 constituentes
1648 1989 1789 2101 rapide

279 2111 454 2206 principia,
480 2108 539 2176 cai.
557 2107 679 2178 bumid.
693 2100 807 2197 'frigid
833 2108 947 2179 secum
970 2154 981 2186 ,
1004 2129 1041 2178 ea
1066 2111 1099 2174 δι
1127 2103 1267 2182 sanitatis
1287 2115 1320 2178 &
1348 2103 1540 2180 morborum
1562 2112 1629 2205 pri·
1644 2119 1734 2201 vum
1752 2117 1810 2158 θ’·

279 2227 335 2278 ma
361 2203 566 2279 fundamenta
591 2207 682 2278 essent
716 2205 884 2276 machinati
900 2255 920 2280 ..
943 2205 1037 2296 Qid
1061 2206 1147 2276 aliud
1180 2205 1314 2278 veroest
1346 2231 1446 2302 quam
1481 2209 1629 2305 solemnia
1645 2183 1755 2249 “m‘'

279 2322 427 2395 quatuor
445 2325 551 2374 terum
569 2309 715 2376 omnium
741 2305 894 2400 principia
922 2321 988 2374 tam
1008 2308 1083 2374 trita
1105 2351 1119 2382 ,
1139 2324 1272 2398 tamque
1298 2303 1474 2404 plausibilia
1510 2309 1629 2396 rejicere

277 2419 378 2496 atque
394 2395 610 2474 labefactans
639 2405 684 2472 Ar
701 2415 838 2494 utraque
863 2397 1009 2472 sententia
1033 2399 1094 2473 suis
1118 2407 1298 2500 patrociniis
1323 2429 1387 2476 non
1411 2403 1629 2477 eiideilituta.

280 2504 381 2592 Qrod
400 2507 512 2572 attinet
528 2505 568 2574 ad
584 2503 673 2575 iilam
696 2498 902 2598 Hippocratis
919 2501 1188 2600 reprehensionem
1202 2527 1275 2598 qua
1296 2523 1416 2574 sereres
1435 2497 1629 2578 infestatur,

278 2619 318 2670 co
342 2597 464 2674 iadiurn
489 2601 531 2672 eil
555 2605 647 2694 quod
671 2601 714 2670 illi
729 2621 835 2692 quum
864 2593 1071 2672 observassent
1096 2597 1226 2670 morbos
1249 2605 1448 2673 maximam
1476 2621 1565 2700 parte
1588 2595 1632 2670 ab

278 2699 462 2798 intemperie
483 2703 633 2795 pendete,
658 2702 718 2774 five
742 2721 778 2768 ea
795 2696 1000 2798 iimplcx'stt,
1024 2701 1086 2772 five
1109 2701 1301 2798 compositu
1327 2702 1495 2778 calidum,
1520 2701 1630 2776 humi·

279 2795 383 2879 dum,
409 2797 558 2890 frigidum
587 2802 767 2888 siccumque
800 2795 988 2868 morborum
1022 2799 1168 2867 omnium
1195 2795 1304 2870 causas
1329 2798 1526 2870 statuissent.
1560 2795 1632 2870 Nec

179 2977 181 2990 J
278 2899 366 2966 enim
384 2913 451 2969 tam
471 2891 517 2966 sui
534 2894 684 2968 dissimilis
699 2893 801 2968 striller
820 2915 858 2968 ut
872 2919 908 2996 ea
927 2901 1069 2990 quatuor
1092 2903 1249 2994 principia
1270 2885 1376 2968 retum
1393 2901 1634 2963 omniumever-

278 3010 362 3068 teret
385 3020 422 3068 ac
438 2996 599 3084 rejiceret:
627 2992 676 3067 sed
701 3018 753 3065 eos
772 2997 830 3067 illa
849 2997 985 3067 maxime
1008 2995 1046 3065 de
1065 2989 1158 3065 causa
1171 2995 1345 3071 ,inlimulat
1362 3006 1543 3075 eorumque
1551 2989 1620 3083 dog

276 3114 331 3167 ma
354 3101 487 3170 everrit,
512 3095 602 3188 quod
619 3097 794 3189 generalius
814 3090 1000 3165 morborum
1020 3092 1128 3160 causas
1148 3084 1367 3166 obserentem,
1392 3108 1449 3155 nec
1467 3087 1635 3184 adargu-

276 3190 363 3261 iium
384 3190 471 3266 suam
488 3195 731 3291 disputationem
760 3212 964 3263 revocarent.
996 3192 1203 3278 Hippocrates
1232 3202 1341 3255 autem
1365 3184 1521 3255 medicum
1542 3183 1632 3258 ra‘tus
1705 3209 1714 3221 ·

278 3294 433 3361 artificem
456 3294 511 3361 elle
535 3294 668 3361 maxime
693 3284 791 3359 sensui
810 3285 996 3354 audieram,
1022 3304 1086 3349 non
1117 3278 1223 3351 modo'
1240 3282 1297 3353 ilia
1312 3283 1468 3378 generalia
1491 3279 1634 3356 irruituris
1687 3292 1694 3305 “

277 3384 452 3483 morbique
467 3388 674 3459 fundamenta
695 3380 944 3475 contemplatur,
969 3372 1026 3447 iod·
1039 3380 1178 3450 demittit
1197 3375 1230 3459 se¹
1244 3380 1284 3453 ad
1305 3406 1341 3453 ea
1362 3404 1437 3475 quae
1454 3404 1492 3451 ex
1520 3386 1630 3481 primis
1742 3371 1747 3379 ’

277 3488 340 3559 illis
364 3490 531 3561 oriuntur,
556 3484 616 3552 five
642 3483 751 3574 primae
776 3478 1045 3567 inequalitatem
1069 3475 1300 3561 fiveieruudae,
1324 3482 1386 3553 sive
1403 3484 1524 3551 tertiae:
1543 3504 1627 3573 qua·

277 3606 354 3655 rum
371 3600 496 3654 contem
524 3580 599 3649 latio
624 3580 766 3678 apprime
792 3576 917 3645 medicis
943 3576 1104 3647 necessaria
1126 3577 1237 3649 exsilit
1259 3628 1269 3647 .
1295 3582 1332 3649 In
1358 3582 1511 3649 maximos
1540 3584 1632 3651 enim-

280 3698 399 3753 rtrores
418 3702 476 3751 eos
531 3672 650 3749 dissime
669 3669 792 3771 prolabi
814 3668 917 3744 solitos
925 3674 1118 3770 experientia
1131 3675 1314 3757 didicimus,
1338 3680 1396 3769 qui
1408 3672 1509 3749 nescio
1525 3688 1632 3767 quam
1713 3692 1721 3765 ζ
1740 3672 1744 3680 ’

278 3804 384 3853 rerum
404 3780 447 3853 ad
472 3780 657 3849 medicinam
677 3752 905 3872 pertinenciu'm'
921 3775 1122 3845 eommunem
1155 3776 1298 3873 notitiam
1323 3770 1566 3876 assecuti'',j‘sess
1583 3774 1626 3847 'in
1662 3858 1683 3875 .,
1725 3857 1729 3861 Α

281 3883 509 3974 primariorum
532 3878 725 3949 medicorum
742 3870 917 3943 sacietatem
935 3872 1034 3950 dbnr,
1059 3869 1137 3945 salso
1152 3875 1212 3943 rati
1224 3896 1297 3949 ¹eam
1318 3868 1558 3949 viani'iec‘uram
1578 3872 1627 3947 cs·
1688 3867 1701 3893 ‘'
1721 3915 1750 3951 .·

279 3976 310 4049 ic
329 4000 428 4072 quam
446 3972 500 4047 fibi
519 3970 772 4070 compendiosam
793 3972 1008 4067 'compararim
1027 3986 1042 4053 ,¹
1063 3970 1137 4045 irinc
1156 3962 1524 4068 Thessalicorumsa'diio
1548 3966 1626 4073 pro.
1650 4009 1716 4073 Gal.
1724 4010 1757 4069 ce
1765 4024 1809 4069 0,-

278 4080 336 4150 ditt
356 4080 414 4168 qui
437 4070 660 4145 universalibus
692 4068 879 4143 morborum
903 4066 989 4158 iadis
1014 4068 1260 4150 fundamentis,
1293 4092 1331 4143 ut
1354 4064 1719 4167 qoum’3dicerent³,rma
1736 4093 1808 4164 pua

281 4170 431 4249 morbum
450 4191 642 4243 omnemaut
667 4167 710 4241 ab
734 4170 886 4241 exhausto
911 4189 968 4239 ant
992 4165 1034 4239 ab
1057 4162 1228 4266 repletioni
1241 4162 1415 4248 ”emanares
1438 4166 1536 4243 a'tr'em
1562 4159 1627 4245 me·
1650 4174 1688 4227 ad
1713 4168 1807 4226 Thra·

278 4276 376 4347 dicam
398 4268 527 4344 semestri
545 4266 644 4367 spatio
669 4264 798 4368 persedit
823 4272 997 4366 comparari
1016 4268 1100 4366 polle
1123 4260 1315 4342 affirmarent
1337 4319 1345 4339 .
1381 4273 1467 4368 Hinc
1492 4270 1626 4339 Gnidio·
1645 4250 1769 4389 [ἑὸ-,Αἴξ
1781 4285 1789 4301 ·

280 4396 351 4445 rum
382 4370 525 4443 medendi
551 4368 772 4462 magistrorum
797 4364 920 4444 itlius,
945 4371 1001 4463 qui
1026 4390 1129 4461 quum
1155 4371 1275 4439 infinita
1303 4364 1490 4440 morborum
1506 4368 1628 4461 ¹genera
1650 4348 1806 4467 drisim-

280 4470 452 4546 novissent,
475 4490 576 4565 eaque
601 4472 684 4538 varic
706 4466 857 4558 dillingni
907 4466 950 4551 ro,
976 4462 1126 4571 cujusque
1162 4462 1289 4553 iubjcsri
1315 4457 1501 4541 varietate'i'
1520 4481 1624 4564 tamen
1648 4494 1734 4548 euers.

278 4564 444 4639 universali
469 4574 591 4639 ratione
615 4570 751 4637 ronrenri
775 4567 814 4635 ad
839 4490 986 4635 initiata
1002 4564 1066 4633 non
1091 4560 1312 4637 descenderunt
1325 4568 1402 4652 „iu
1426 4556 1626 4665 quo‘apie-
1649 4567 1816 4627 Abuniver·

278 4661 383 4757 timue
403 4675 516 4761 precati
544 4668 644 4761 vulgo
670 4668 876 4763 experimur.
911 4662 982 4733 Nec
1008 4659 1094 4752 ilia'm
1110 4656 1443 4755 'divina'mo'arliirr
1471 4648 1748 4762 ub'unoss‘ii'?5
1770 4649 1811 4709 ’ὅ

280 4768 477 4859 Hippocrate
500 4768 634 4859 primum
655 4770 835 4840 inventam,
859 4764 970 4833 deinde
993 4784 1012 4833 a
1037 4762 1160 4833 Caleno
1185 4752 1301 4863 scripiis
1326 4766 1624 4860 br‘eiprrienrinex·
1646 4726 1800 4882 mig,

281 4867 398 4939 cultam
418 4864 586 4955 amplexati
604 4860 695 4933 sunt.
725 4864 868 4957 Eamque
886 4857 931 4931 ob
955 4866 1080 4933 causam
1106 4858 1291 4937 universales
1316 4864 1382 4932 illas
1402 4852 1625 4954 propositiones
1647 4889 1733 4951 dum.

280 4966 340 5047 irc
355 4962 395 5037 ad
421 4955 609 5033 morborum
629 4958 734 5061 causas
758 4965 954 5062 pertineant,
978 4961 1041 5038 iiie
1064 4962 1106 5033 ad
1130 4952 1520 5036 eorumdemcuratioaem
1539 4960 1625 5057 Hip-
1707 4982 1723 5044 3

1168 5063 1200 5130 A
1247 5082 1272 5142 4
1468 5076 1579 5157 pocta·
