<?xml version="1.0" encoding="UTF-8"?>
<!DOCTYPE html PUBLIC "-//W3C//DTD XHTML 1.0 Transitional//EN"
    "http://www.w3.org/TR/xhtml1/DTD/xhtml1-transitional.dtd">
<html xmlns="http://www.w3.org/1999/xhtml" xml:lang="en" lang="en">
 <head>
  <title>
</title>
<meta http-equiv="Content-Type" content="text/html;charset=utf-8" />
  <meta name='ocr-system' content='tesseract 3.04.00' />
  <meta name='ocr-capabilities' content='ocr_page ocr_carea ocr_par ocr_line ocrx_word'/>
</head>
<body>
  <div class='ocr_page' id='page_1' title='image "./operaomniamedic01thgoog/operaomniamedic01thgoog_0235.png"; bbox 0 0 4434 6000; ppageno 0'>
   <div class='ocr_carea' id='block_1_1' title="bbox 588 573 1543 678">
    <p class='ocr_par' dir='ltr' id='par_1_1' title="bbox 588 573 1543 678">
     <span class='ocr_line' id='line_1_1' title="bbox 588 573 1543 678; baseline 0.012 -26"><span class='ocrx_word' id='word_1_1' title='bbox 588 573 758 656; x_wconf 72' lang='lat' dir='ltr'>[rnen</span> <span class='ocrx_word' id='word_1_2' title='bbox 796 575 865 654; x_wconf 78' lang='lat' dir='ltr'>DE</span> <span class='ocrx_word' id='word_1_3' title='bbox 896 577 1202 656; x_wconf 66' lang='lat' dir='ltr'>CdbCULOJ</span> <span class='ocrx_word' id='word_1_4' title='bbox 1468 613 1543 678; x_wconf 80' lang='lat'>2¹7</span> 
     </span>
    </p>
   </div>
   <div class='ocr_carea' id='block_1_2' title="bbox 204 693 1763 5147">
    <p class='ocr_par' dir='ltr' id='par_1_2' title="bbox 204 693 1763 5147">
     <span class='ocr_line' id='line_1_2' title="bbox 212 693 1591 799; baseline 0.003 -27"><span class='ocrx_word' id='word_1_5' title='bbox 212 693 442 798; x_wconf 74' lang='lat' dir='ltr'>frigidiuscuii,</span> <span class='ocrx_word' id='word_1_6' title='bbox 466 699 529 772; x_wconf 91' lang='lat' dir='ltr'>boe</span> <span class='ocrx_word' id='word_1_7' title='bbox 551 721 661 772; x_wconf 84' lang='lat' dir='ltr'>autem</span> <span class='ocrx_word' id='word_1_8' title='bbox 685 700 783 772; x_wconf 82' lang='lat' dir='ltr'>vesica</span> <span class='ocrx_word' id='word_1_9' title='bbox 808 696 870 768; x_wconf 78' lang='lat' dir='ltr'>est.</span> <span class='ocrx_word' id='word_1_10' title='bbox 897 703 944 770; x_wconf 75' lang='lat' dir='ltr'>At</span> <span class='ocrx_word' id='word_1_11' title='bbox 966 704 1000 770; x_wconf 89' lang='lat' dir='ltr'>in</span> <span class='ocrx_word' id='word_1_12' title='bbox 1023 698 1167 799; x_wconf 66' lang='lat' dir='ltr'>persedit</span> <span class='ocrx_word' id='word_1_13' title='bbox 1182 709 1246 794; x_wconf 82' lang='lat' dir='ltr'>jarn</span> <span class='ocrx_word' id='word_1_14' title='bbox 1272 705 1346 776; x_wconf 83' lang='lat' dir='ltr'>viris</span> <span class='ocrx_word' id='word_1_15' title='bbox 1370 707 1395 772; x_wconf 82' lang='lat' dir='ltr'>is</span> <span class='ocrx_word' id='word_1_16' title='bbox 1418 701 1506 776; x_wconf 83' lang='lat' dir='ltr'>etior</span> <span class='ocrx_word' id='word_1_17' title='bbox 1525 731 1591 778; x_wconf 86' lang='lat' dir='ltr'>non</span> 
     </span>
     <span class='ocr_line' id='line_1_3' title="bbox 212 798 1591 900; baseline 0.007 -34"><span class='ocrx_word' id='word_1_18' title='bbox 212 803 271 882; x_wconf 77' lang='lat' dir='ltr'>eii,</span> <span class='ocrx_word' id='word_1_19' title='bbox 294 801 379 870; x_wconf 91' lang='lat' dir='ltr'>unde</span> <span class='ocrx_word' id='word_1_20' title='bbox 405 825 469 870; x_wconf 89' lang='lat' dir='ltr'>non</span> <span class='ocrx_word' id='word_1_21' title='bbox 492 801 685 871; x_wconf 79' lang='lat' dir='ltr'>diffirnditur</span> <span class='ocrx_word' id='word_1_22' title='bbox 706 798 826 870; x_wconf 86' lang='lat' dir='ltr'>humor</span> <span class='ocrx_word' id='word_1_23' title='bbox 840 843 853 875; x_wconf 92' lang='lat'>,</span> <span class='ocrx_word' id='word_1_24' title='bbox 889 821 946 868; x_wconf 86' lang='lat' dir='ltr'>nec</span> <span class='ocrx_word' id='word_1_25' title='bbox 977 801 1019 868; x_wconf 88' lang='lat' dir='ltr'>ad</span> <span class='ocrx_word' id='word_1_26' title='bbox 1052 803 1181 873; x_wconf 76' lang='lat' dir='ltr'>vesicam</span> <span class='ocrx_word' id='word_1_27' title='bbox 1217 813 1392 900; x_wconf 83' lang='lat' dir='ltr'>pervenit:</span> <span class='ocrx_word' id='word_1_28' title='bbox 1424 809 1524 874; x_wconf 88' lang='lat' dir='ltr'>immo</span> <span class='ocrx_word' id='word_1_29' title='bbox 1555 809 1591 876; x_wconf 87' lang='lat' dir='ltr'>in</span> 
     </span>
     <span class='ocr_line' id='line_1_4' title="bbox 214 893 1592 1070; baseline -0.001 -97"><span class='ocrx_word' id='word_1_30' title='bbox 214 907 324 1070; x_wconf 48' lang='lat' dir='ltr'>prpitii}</span> <span class='ocrx_word' id='word_1_31' title='bbox 340 902 477 1067; x_wconf 67' lang='lat' dir='ltr'>maperia</span> <span class='ocrx_word' id='word_1_32' title='bbox 501 901 631 970; x_wconf 78' lang='lat' dir='ltr'>mollior</span> <span class='ocrx_word' id='word_1_33' title='bbox 662 897 739 977; x_wconf 85' lang='lat' dir='ltr'>est,</span> <span class='ocrx_word' id='word_1_34' title='bbox 771 899 805 1066; x_wconf 57' lang='lat' dir='ltr'>{pi</span> <span class='ocrx_word' id='word_1_35' title='bbox 830 899 906 968; x_wconf 79' lang='lat' dir='ltr'>uitii</span> <span class='ocrx_word' id='word_1_36' title='bbox 929 893 1053 1065; x_wconf 55' lang='lat' dir='ltr'>squdailet</span> <span class='ocrx_word' id='word_1_37' title='bbox 1072 905 1121 1012; x_wconf 30' lang='lat'>⁸&amp;</span> <span class='ocrx_word' id='word_1_38' title='bbox 1155 921 1253 1018; x_wconf 79' lang='lat' dir='ltr'>atet.</span> <span class='ocrx_word' id='word_1_39' title='bbox 1288 901 1359 970; x_wconf 83' lang='lat' dir='ltr'>Nisi</span> <span class='ocrx_word' id='word_1_40' title='bbox 1390 895 1470 1068; x_wconf 83' lang='lat' dir='ltr'>¹forte</span> <span class='ocrx_word' id='word_1_41' title='bbox 1493 907 1592 974; x_wconf 82' lang='lat' dir='ltr'>etiam</span> 
     </span>
     <span class='ocr_line' id='line_1_5' title="bbox 271 1017 1593 1073; baseline 0.002 -3"><span class='ocrx_word' id='word_1_42' title='bbox 271 1051 281 1070; x_wconf 90' lang='lat'><strong>.</strong></span> <span class='ocrx_word' id='word_1_43' title='bbox 316 1018 362 1066; x_wconf 90' lang='lat' dir='ltr'>uo</span> <span class='ocrx_word' id='word_1_44' title='bbox 398 1019 542 1069; x_wconf 87' lang='lat' dir='ltr'>emarte</span> <span class='ocrx_word' id='word_1_45' title='bbox 564 1025 587 1068; x_wconf 92' lang='grc' dir='ltr'>ο</span> <span class='ocrx_word' id='word_1_46' title='bbox 632 1022 652 1069; x_wconf 92' lang='lat' dir='ltr'>u</span> <span class='ocrx_word' id='word_1_47' title='bbox 698 1019 750 1068; x_wconf 83' lang='lat' dir='ltr'>are</span> <span class='ocrx_word' id='word_1_48' title='bbox 806 1017 982 1070; x_wconf 78' lang='lat' dir='ltr'>etmutta</span> <span class='ocrx_word' id='word_1_49' title='bbox 1027 1019 1152 1068; x_wconf 75' lang='lat' dir='ltr'>numus</span> <span class='ocrx_word' id='word_1_50' title='bbox 1175 1023 1261 1072; x_wconf 84' lang='lat' dir='ltr'>enirn</span> <span class='ocrx_word' id='word_1_51' title='bbox 1293 1019 1366 1072; x_wconf 88' lang='lat' dir='ltr'>ante</span> <span class='ocrx_word' id='word_1_52' title='bbox 1401 1024 1495 1071; x_wconf 89' lang='lat' dir='ltr'>ocum</span> <span class='ocrx_word' id='word_1_53' title='bbox 1546 1023 1593 1073; x_wconf 89' lang='lat' dir='ltr'>uo</span> 
     </span>
     <span class='ocr_line' id='line_1_6' title="bbox 212 1021 1594 1192; baseline 0.002 -25"><span class='ocrx_word' id='word_1_54' title='bbox 212 1099 348 1169; x_wconf 77' lang='lat' dir='ltr'>Galenus</span> <span class='ocrx_word' id='word_1_55' title='bbox 371 1092 475 1168; x_wconf 87' lang='lat' dir='ltr'>oenser</span> <span class='ocrx_word' id='word_1_56' title='bbox 498 1023 634 1169; x_wconf 49' lang='lat' dir='ltr'>contib</span> <span class='ocrx_word' id='word_1_57' title='bbox 653 1021 806 1168; x_wconf 53' lang='lat' dir='ltr'>{bervum</span> <span class='ocrx_word' id='word_1_58' title='bbox 829 1090 1022 1187; x_wconf 71' lang='lat' dir='ltr'>glutinosam</span> <span class='ocrx_word' id='word_1_59' title='bbox 1048 1105 1215 1170; x_wconf 80' lang='lat' dir='ltr'>materiam</span> <span class='ocrx_word' id='word_1_60' title='bbox 1250 1122 1359 1192; x_wconf 81' lang='lat' dir='ltr'>cogere</span> <span class='ocrx_word' id='word_1_61' title='bbox 1394 1121 1431 1171; x_wconf 81' lang='lat' dir='ltr'>ac</span> <span class='ocrx_word' id='word_1_62' title='bbox 1455 1025 1594 1170; x_wconf 70' lang='lat' dir='ltr'>cornibu-</span> 
     </span>
     <span class='ocr_line' id='line_1_7' title="bbox 213 1195 1593 1292; baseline 0.001 -23"><span class='ocrx_word' id='word_1_63' title='bbox 213 1196 302 1276; x_wconf 87' lang='lat' dir='ltr'>sare,</span> <span class='ocrx_word' id='word_1_64' title='bbox 324 1203 359 1268; x_wconf 77' lang='lat' dir='ltr'>dt</span> <span class='ocrx_word' id='word_1_65' title='bbox 384 1198 429 1267; x_wconf 83' lang='lat' dir='ltr'>ad</span> <span class='ocrx_word' id='word_1_66' title='bbox 452 1199 664 1292; x_wconf 72' lang='lat' dir='ltr'>:qualitatem</span> <span class='ocrx_word' id='word_1_67' title='bbox 695 1195 873 1272; x_wconf 69' lang='lat' dir='ltr'>reduceret</span> <span class='ocrx_word' id='word_1_68' title='bbox 904 1195 1001 1286; x_wconf 88' lang='lat' dir='ltr'>idque</span> <span class='ocrx_word' id='word_1_69' title='bbox 1035 1199 1171 1266; x_wconf 82' lang='lat' dir='ltr'>maxime</span> <span class='ocrx_word' id='word_1_70' title='bbox 1203 1203 1284 1292; x_wconf 84' lang='lat' dir='ltr'>quia</span> <span class='ocrx_word' id='word_1_71' title='bbox 1316 1201 1474 1268; x_wconf 82' lang='lat' dir='ltr'>tenuiores</span> <span class='ocrx_word' id='word_1_72' title='bbox 1508 1200 1593 1270; x_wconf 82' lang='lat' dir='ltr'>elicit</span> 
     </span>
     <span class='ocr_line' id='line_1_8' title="bbox 214 1287 1595 1396; baseline 0.002 -28"><span class='ocrx_word' id='word_1_73' title='bbox 214 1317 332 1396; x_wconf 79' lang='lat' dir='ltr'>partes.</span> <span class='ocrx_word' id='word_1_74' title='bbox 361 1293 399 1365; x_wconf 83' lang='lat' dir='ltr'>Si</span> <span class='ocrx_word' id='word_1_75' title='bbox 425 1296 457 1364; x_wconf 88' lang='lat' dir='ltr'>id</span> <span class='ocrx_word' id='word_1_76' title='bbox 483 1319 595 1368; x_wconf 81' lang='lat' dir='ltr'>vetum</span> <span class='ocrx_word' id='word_1_77' title='bbox 620 1299 653 1365; x_wconf 91' lang='lat' dir='ltr'>in</span> <span class='ocrx_word' id='word_1_78' title='bbox 680 1297 786 1390; x_wconf 86' lang='lat' dir='ltr'>puetis</span> <span class='ocrx_word' id='word_1_79' title='bbox 808 1309 900 1385; x_wconf 74' lang='lat' dir='ltr'>coget</span> <span class='ocrx_word' id='word_1_80' title='bbox 923 1311 982 1362; x_wconf 85' lang='lat' dir='ltr'>aut</span> <span class='ocrx_word' id='word_1_81' title='bbox 1004 1296 1038 1364; x_wconf 85' lang='lat' dir='ltr'>in</span> <span class='ocrx_word' id='word_1_82' title='bbox 1063 1287 1223 1373; x_wconf 81' lang='lat' dir='ltr'>renibus,</span> <span class='ocrx_word' id='word_1_83' title='bbox 1248 1311 1305 1366; x_wconf 86' lang='lat' dir='ltr'>aut</span> <span class='ocrx_word' id='word_1_84' title='bbox 1330 1299 1363 1364; x_wconf 92' lang='lat' dir='ltr'>in</span> <span class='ocrx_word' id='word_1_85' title='bbox 1388 1296 1595 1393; x_wconf 79' lang='lat' dir='ltr'>longinquiu-</span> 
     </span>
     <span class='ocr_line' id='line_1_9' title="bbox 212 1385 1317 1496; baseline -0.004 -28"><span class='ocrx_word' id='word_1_86' title='bbox 212 1393 296 1468; x_wconf 86' lang='lat' dir='ltr'>tibus</span> <span class='ocrx_word' id='word_1_87' title='bbox 322 1389 489 1496; x_wconf 81' lang='lat' dir='ltr'>portibus,</span> <span class='ocrx_word' id='word_1_88' title='bbox 515 1421 580 1466; x_wconf 91' lang='lat' dir='ltr'>non</span> <span class='ocrx_word' id='word_1_89' title='bbox 600 1411 715 1464; x_wconf 73' lang='lat' dir='ltr'>autom</span> <span class='ocrx_word' id='word_1_90' title='bbox 740 1385 881 1486; x_wconf 79' lang='lat' dir='ltr'>liquebit</span> <span class='ocrx_word' id='word_1_91' title='bbox 904 1410 1002 1486; x_wconf 92' lang='lat' dir='ltr'>arque</span> <span class='ocrx_word' id='word_1_92' title='bbox 1025 1393 1186 1465; x_wconf 82' lang='lat' dir='ltr'>diiioivet.</span> <span class='ocrx_word' id='word_1_93' title='bbox 1303 1419 1317 1428; x_wconf 82' lang='lat'><strong>·</strong></span> 
     </span>
     <span class='ocr_line' id='line_1_10' title="bbox 256 1489 1595 1592; baseline -0.001 -26"><span class='ocrx_word' id='word_1_94' title='bbox 256 1495 431 1592; x_wconf 80' lang='lat' dir='ltr'>Qriequid</span> <span class='ocrx_word' id='word_1_95' title='bbox 453 1509 561 1566; x_wconf 83' lang='lat' dir='ltr'>tamen</span> <span class='ocrx_word' id='word_1_96' title='bbox 586 1495 640 1571; x_wconf 87' lang='lat' dir='ltr'>srt,</span> <span class='ocrx_word' id='word_1_97' title='bbox 668 1492 770 1588; x_wconf 86' lang='lat' dir='ltr'>piacet</span> <span class='ocrx_word' id='word_1_98' title='bbox 793 1489 916 1561; x_wconf 79' lang='lat' dir='ltr'>Gaieno</span> <span class='ocrx_word' id='word_1_99' title='bbox 939 1493 1043 1586; x_wconf 83' lang='lat' dir='ltr'>puerit</span> <span class='ocrx_word' id='word_1_100' title='bbox 1065 1495 1098 1560; x_wconf 89' lang='lat' dir='ltr'>in</span> <span class='ocrx_word' id='word_1_101' title='bbox 1126 1495 1223 1564; x_wconf 82' lang='lat' dir='ltr'>vefica</span> <span class='ocrx_word' id='word_1_102' title='bbox 1256 1491 1395 1586; x_wconf 82' lang='lat' dir='ltr'>lapidem</span> <span class='ocrx_word' id='word_1_103' title='bbox 1421 1496 1493 1589; x_wconf 82' lang='lat' dir='ltr'>cogi</span> <span class='ocrx_word' id='word_1_104' title='bbox 1513 1540 1524 1572; x_wconf 93' lang='lat'>,</span> <span class='ocrx_word' id='word_1_105' title='bbox 1559 1499 1595 1565; x_wconf 88' lang='lat' dir='ltr'>in</span> 
     </span>
     <span class='ocr_line' id='line_1_11' title="bbox 211 1582 1586 1692; baseline -0.009 -28"><span class='ocrx_word' id='word_1_106' title='bbox 211 1591 340 1668; x_wconf 81' lang='lat' dir='ltr'>renibus</span> <span class='ocrx_word' id='word_1_107' title='bbox 364 1600 511 1668; x_wconf 88' lang='lat' dir='ltr'>vitorum</span> <span class='ocrx_word' id='word_1_108' title='bbox 533 1591 713 1664; x_wconf 82' lang='lat' dir='ltr'>caleulum.</span> <span class='ocrx_word' id='word_1_109' title='bbox 739 1595 787 1660; x_wconf 82' lang='lat' dir='ltr'>ita</span> <span class='ocrx_word' id='word_1_110' title='bbox 818 1591 903 1658; x_wconf 90' lang='lat' dir='ltr'>enim</span> <span class='ocrx_word' id='word_1_111' title='bbox 927 1582 1117 1669; x_wconf 61' lang='lat' dir='ltr'>stripitu,</span> <span class='ocrx_word' id='word_1_112' title='bbox 1136 1587 1182 1664; x_wconf 64' lang='lat' dir='ltr'>mi</span> <span class='ocrx_word' id='word_1_113' title='bbox 1204 1587 1271 1668; x_wconf 79' lang='grc' dir='ltr'><strong>μιι·</strong></span> <span class='ocrx_word' id='word_1_114' title='bbox 1289 1589 1379 1672; x_wconf 66' lang='grc' dir='ltr'><strong>ἔρισι</strong></span> <span class='ocrx_word' id='word_1_115' title='bbox 1402 1597 1586 1692; x_wconf 61' lang='lat' dir='ltr'>interpretii.</span> 
     </span>
     <span class='ocr_line' id='line_1_12' title="bbox 209 1680 1585 1789; baseline -0.002 -24"><span class='ocrx_word' id='word_1_116' title='bbox 209 1715 263 1765; x_wconf 90' lang='lat' dir='ltr'>tur</span> <span class='ocrx_word' id='word_1_117' title='bbox 287 1719 298 1764; x_wconf 80' lang='lat' dir='ltr'>e</span> <span class='ocrx_word' id='word_1_118' title='bbox 322 1697 425 1789; x_wconf 78' lang='lat' dir='ltr'>Qud</span> <span class='ocrx_word' id='word_1_119' title='bbox 451 1687 599 1789; x_wconf 80' lang='lat' dir='ltr'>pluribus</span> <span class='ocrx_word' id='word_1_120' title='bbox 622 1715 689 1760; x_wconf 90' lang='lat' dir='ltr'>non</span> <span class='ocrx_word' id='word_1_121' title='bbox 723 1680 1008 1784; x_wconf 81' lang='lat' dir='ltr'>persequendum.</span> <span class='ocrx_word' id='word_1_122' title='bbox 1047 1692 1087 1762; x_wconf 83' lang='lat' dir='ltr'>Et</span> <span class='ocrx_word' id='word_1_123' title='bbox 1122 1715 1160 1764; x_wconf 84' lang='lat' dir='ltr'>ex</span> <span class='ocrx_word' id='word_1_124' title='bbox 1195 1688 1300 1766; x_wconf 79' lang='lat' dir='ltr'>verbis</span> <span class='ocrx_word' id='word_1_125' title='bbox 1324 1694 1438 1764; x_wconf 86' lang='lat' dir='ltr'>Galeni</span> <span class='ocrx_word' id='word_1_126' title='bbox 1461 1693 1585 1786; x_wconf 77' lang='lat' dir='ltr'>colligi·</span> 
     </span>
     <span class='ocr_line' id='line_1_13' title="bbox 206 1783 1584 1889; baseline 0.001 -28"><span class='ocrx_word' id='word_1_127' title='bbox 206 1816 297 1871; x_wconf 81' lang='lat' dir='ltr'>mus,</span> <span class='ocrx_word' id='word_1_128' title='bbox 323 1796 346 1865; x_wconf 81' lang='lat' dir='ltr'>ri</span> <span class='ocrx_word' id='word_1_129' title='bbox 370 1795 419 1866; x_wconf 87' lang='lat' dir='ltr'>iac</span> <span class='ocrx_word' id='word_1_130' title='bbox 440 1793 483 1865; x_wconf 83' lang='lat' dir='ltr'>ad</span> <span class='ocrx_word' id='word_1_131' title='bbox 506 1791 643 1889; x_wconf 82' lang='lat' dir='ltr'>lapidem</span> <span class='ocrx_word' id='word_1_132' title='bbox 668 1813 733 1858; x_wconf 92' lang='lat' dir='ltr'>non</span> <span class='ocrx_word' id='word_1_133' title='bbox 756 1783 895 1869; x_wconf 69' lang='lat' dir='ltr'>bocru,</span> <span class='ocrx_word' id='word_1_134' title='bbox 927 1787 1040 1860; x_wconf 82' lang='lat' dir='ltr'>fitam</span> <span class='ocrx_word' id='word_1_135' title='bbox 1064 1789 1167 1863; x_wconf 74' lang='lat' dir='ltr'>ctaiiz</span> <span class='ocrx_word' id='word_1_136' title='bbox 1189 1796 1222 1864; x_wconf 89' lang='lat' dir='ltr'>in</span> <span class='ocrx_word' id='word_1_137' title='bbox 1246 1797 1351 1889; x_wconf 80' lang='lat' dir='ltr'>pueris</span> <span class='ocrx_word' id='word_1_138' title='bbox 1384 1795 1483 1864; x_wconf 83' lang='lat' dir='ltr'>urinae</span> <span class='ocrx_word' id='word_1_139' title='bbox 1516 1816 1584 1863; x_wconf 89' lang='lat' dir='ltr'>non</span> 
     </span>
     <span class='ocr_line' id='line_1_14' title="bbox 206 1885 1584 1971; baseline 0.001 -7"><span class='ocrx_word' id='word_1_140' title='bbox 206 1891 339 1971; x_wconf 81' lang='lat' dir='ltr'>iurent,</span> <span class='ocrx_word' id='word_1_141' title='bbox 374 1894 510 1966; x_wconf 81' lang='lat' dir='ltr'>fitanta</span> <span class='ocrx_word' id='word_1_142' title='bbox 533 1915 598 1962; x_wconf 89' lang='lat' dir='ltr'>non</span> <span class='ocrx_word' id='word_1_143' title='bbox 617 1887 692 1959; x_wconf 79' lang='lat' dir='ltr'>tritt</span> <span class='ocrx_word' id='word_1_144' title='bbox 714 1885 848 1958; x_wconf 75' lang='lat' dir='ltr'>edacitas</span> <span class='ocrx_word' id='word_1_145' title='bbox 870 1931 881 1964; x_wconf 82' lang='lat'>,</span> <span class='ocrx_word' id='word_1_146' title='bbox 901 1887 1061 1959; x_wconf 81' lang='lat' dir='ltr'>constante</span> <span class='ocrx_word' id='word_1_147' title='bbox 1084 1887 1272 1964; x_wconf 72' lang='lat' dir='ltr'>facultatum</span> <span class='ocrx_word' id='word_1_148' title='bbox 1299 1885 1414 1964; x_wconf 84' lang='lat' dir='ltr'>robore</span> <span class='ocrx_word' id='word_1_149' title='bbox 1436 1937 1446 1968; x_wconf 76' lang='lat' dir='ltr'>t</span> <span class='ocrx_word' id='word_1_150' title='bbox 1470 1896 1505 1964; x_wconf 77' lang='grc' dir='ltr'>δι</span> <span class='ocrx_word' id='word_1_151' title='bbox 1529 1915 1584 1965; x_wconf 87' lang='lat' dir='ltr'>ve·</span> 
     </span>
     <span class='ocr_line' id='line_1_15' title="bbox 207 1985 1584 2086; baseline -0.002 -23"><span class='ocrx_word' id='word_1_152' title='bbox 207 2011 282 2085; x_wconf 70' lang='lat' dir='ltr'>gero</span> <span class='ocrx_word' id='word_1_153' title='bbox 306 1995 418 2065; x_wconf 80' lang='lat' dir='ltr'>nativo</span> <span class='ocrx_word' id='word_1_154' title='bbox 440 1992 559 2070; x_wconf 70' lang='lat' dir='ltr'>edoce,</span> <span class='ocrx_word' id='word_1_155' title='bbox 582 1991 699 2060; x_wconf 83' lang='lat' dir='ltr'>cervice</span> <span class='ocrx_word' id='word_1_156' title='bbox 714 2004 857 2084; x_wconf 72' lang='lat' dir='ltr'>paoente,</span> <span class='ocrx_word' id='word_1_157' title='bbox 883 1985 991 2056; x_wconf 85' lang='lat' dir='ltr'>nullut</span> <span class='ocrx_word' id='word_1_158' title='bbox 1004 1988 1203 2059; x_wconf 79' lang='lat' dir='ltr'>calculorum</span> <span class='ocrx_word' id='word_1_159' title='bbox 1228 1997 1262 2061; x_wconf 90' lang='lat' dir='ltr'>in</span> <span class='ocrx_word' id='word_1_160' title='bbox 1287 1993 1391 2084; x_wconf 85' lang='lat' dir='ltr'>pueris</span> <span class='ocrx_word' id='word_1_161' title='bbox 1412 1987 1486 2062; x_wconf 79' lang='lat' dir='ltr'>esset</span> <span class='ocrx_word' id='word_1_162' title='bbox 1512 2013 1584 2086; x_wconf 90' lang='lat' dir='ltr'>pto·</span> 
     </span>
     <span class='ocr_line' id='line_1_16' title="bbox 206 2083 1585 2187; baseline -0.001 -26"><span class='ocrx_word' id='word_1_163' title='bbox 206 2111 343 2170; x_wconf 83' lang='lat' dir='ltr'>uentus,</span> <span class='ocrx_word' id='word_1_164' title='bbox 367 2097 400 2163; x_wconf 90' lang='lat' dir='ltr'>in</span> <span class='ocrx_word' id='word_1_165' title='bbox 425 2113 528 2187; x_wconf 87' lang='lat' dir='ltr'>eoque</span> <span class='ocrx_word' id='word_1_166' title='bbox 552 2092 597 2161; x_wconf 80' lang='lat' dir='ltr'>tit</span> <span class='ocrx_word' id='word_1_167' title='bbox 619 2106 772 2184; x_wconf 84' lang='lat' dir='ltr'>apparet,</span> <span class='ocrx_word' id='word_1_168' title='bbox 794 2083 885 2178; x_wconf 79' lang='lat' dir='ltr'>qood</span> <span class='ocrx_word' id='word_1_169' title='bbox 908 2103 1026 2154; x_wconf 76' lang='lat' dir='ltr'>notura</span> <span class='ocrx_word' id='word_1_170' title='bbox 1049 2110 1115 2156; x_wconf 90' lang='lat' dir='ltr'>non</span> <span class='ocrx_word' id='word_1_171' title='bbox 1138 2088 1228 2158; x_wconf 80' lang='lat' dir='ltr'>certat</span> <span class='ocrx_word' id='word_1_172' title='bbox 1254 2086 1393 2182; x_wconf 86' lang='lat' dir='ltr'>pellere,</span> <span class='ocrx_word' id='word_1_173' title='bbox 1416 2090 1517 2158; x_wconf 92' lang='lat' dir='ltr'>donec</span> <span class='ocrx_word' id='word_1_174' title='bbox 1541 2089 1585 2158; x_wconf 75' lang='lat' dir='ltr'>td</span> 
     </span>
     <span class='ocr_line' id='line_1_17' title="bbox 208 2182 1583 2286; baseline -0.005 -25"><span class='ocrx_word' id='word_1_175' title='bbox 208 2192 338 2261; x_wconf 77' lang='lat' dir='ltr'>vesicam</span> <span class='ocrx_word' id='word_1_176' title='bbox 367 2194 593 2286; x_wconf 82' lang='lat' dir='ltr'>perveniatur:</span> <span class='ocrx_word' id='word_1_177' title='bbox 617 2187 703 2259; x_wconf 75' lang='lat' dir='ltr'>victa</span> <span class='ocrx_word' id='word_1_178' title='bbox 725 2203 832 2254; x_wconf 86' lang='lat' dir='ltr'>tamen</span> <span class='ocrx_word' id='word_1_179' title='bbox 857 2187 997 2254; x_wconf 82' lang='lat' dir='ltr'>materiei</span> <span class='ocrx_word' id='word_1_180' title='bbox 1020 2185 1132 2263; x_wconf 88' lang='lat' dir='ltr'>mole,</span> <span class='ocrx_word' id='word_1_181' title='bbox 1156 2182 1317 2262; x_wconf 82' lang='lat' dir='ltr'>crariitie,</span> <span class='ocrx_word' id='word_1_182' title='bbox 1340 2185 1500 2258; x_wconf 76' lang='lat' dir='ltr'>edacitatis</span> <span class='ocrx_word' id='word_1_183' title='bbox 1533 2188 1583 2254; x_wconf 86' lang='lat' dir='ltr'>in-</span> 
     </span>
     <span class='ocr_line' id='line_1_18' title="bbox 207 2277 1587 2378; baseline -0.003 -20"><span class='ocrx_word' id='word_1_184' title='bbox 207 2289 403 2369; x_wconf 81' lang='lat' dir='ltr'><strong>commodis,</strong></span> <span class='ocrx_word' id='word_1_185' title='bbox 425 2285 709 2378; x_wconf 70' lang='lat' dir='ltr'>mpvanteveficae</span> <span class='ocrx_word' id='word_1_186' title='bbox 732 2278 868 2374; x_wconf 78' lang='lat' dir='ltr'>frigore,</span> <span class='ocrx_word' id='word_1_187' title='bbox 890 2277 988 2353; x_wconf 72' lang='lat' dir='ltr'>iaetus</span> <span class='ocrx_word' id='word_1_188' title='bbox 1011 2284 1044 2351; x_wconf 91' lang='lat' dir='ltr'>in</span> <span class='ocrx_word' id='word_1_189' title='bbox 1068 2307 1107 2353; x_wconf 86' lang='lat' dir='ltr'>ea</span> <span class='ocrx_word' id='word_1_190' title='bbox 1125 2284 1373 2375; x_wconf 76' lang='lat' dir='ltr'>conglomeratio</span> <span class='ocrx_word' id='word_1_191' title='bbox 1400 2285 1456 2355; x_wconf 86' lang='lat' dir='ltr'>fit.</span> <span class='ocrx_word' id='word_1_192' title='bbox 1483 2284 1587 2369; x_wconf 89' lang='lat' dir='ltr'>Quod</span> 
     </span>
     <span class='ocr_line' id='line_1_19' title="bbox 208 2375 1585 2484; baseline -0.003 -26"><span class='ocrx_word' id='word_1_193' title='bbox 208 2389 246 2458; x_wconf 88' lang='lat' dir='ltr'>ad</span> <span class='ocrx_word' id='word_1_194' title='bbox 272 2388 414 2460; x_wconf 80' lang='lat' dir='ltr'>calorem</span> <span class='ocrx_word' id='word_1_195' title='bbox 438 2383 580 2484; x_wconf 73' lang='lat' dir='ltr'>spectat,</span> <span class='ocrx_word' id='word_1_196' title='bbox 602 2382 684 2451; x_wconf 86' lang='lat' dir='ltr'>idem</span> <span class='ocrx_word' id='word_1_197' title='bbox 711 2381 734 2448; x_wconf 80' lang='lat' dir='ltr'>st</span> <span class='ocrx_word' id='word_1_198' title='bbox 757 2375 887 2448; x_wconf 79' lang='lat' dir='ltr'>fusionis</span> <span class='ocrx_word' id='word_1_199' title='bbox 910 2397 948 2449; x_wconf 85' lang='lat' dir='ltr'>ae</span> <span class='ocrx_word' id='word_1_200' title='bbox 970 2380 1183 2454; x_wconf 79' lang='lat' dir='ltr'>diuorutmnts</span> <span class='ocrx_word' id='word_1_201' title='bbox 1205 2377 1297 2454; x_wconf 81' lang='lat' dir='ltr'>eausa</span> <span class='ocrx_word' id='word_1_202' title='bbox 1321 2403 1375 2479; x_wconf 89' lang='lat' dir='ltr'>per</span> <span class='ocrx_word' id='word_1_203' title='bbox 1401 2379 1429 2455; x_wconf 86' lang='lat' dir='ltr'>se</span> <span class='ocrx_word' id='word_1_204' title='bbox 1452 2381 1509 2454; x_wconf 82' lang='lat' dir='ltr'>erre</span> <span class='ocrx_word' id='word_1_205' title='bbox 1526 2407 1585 2482; x_wconf 89' lang='lat' dir='ltr'>po-</span> 
     </span>
     <span class='ocr_line' id='line_1_20' title="bbox 206 2475 1749 2582; baseline -0.006 -26"><span class='ocrx_word' id='word_1_206' title='bbox 206 2485 282 2566; x_wconf 80' lang='lat' dir='ltr'>test,</span> <span class='ocrx_word' id='word_1_207' title='bbox 305 2483 590 2582; x_wconf 68' lang='lat' dir='ltr'>coagmentatione</span> <span class='ocrx_word' id='word_1_208' title='bbox 613 2479 733 2550; x_wconf 68' lang='lat' dir='ltr'>ocmsro</span> <span class='ocrx_word' id='word_1_209' title='bbox 754 2500 794 2548; x_wconf 79' lang='lat' dir='ltr'>ex</span> <span class='ocrx_word' id='word_1_210' title='bbox 817 2494 931 2550; x_wconf 84' lang='lat' dir='ltr'>euentu</span> <span class='ocrx_word' id='word_1_211' title='bbox 955 2478 1125 2552; x_wconf 83' lang='lat' dir='ltr'>statuetur.</span> <span class='ocrx_word' id='word_1_212' title='bbox 1600 2475 1749 2573; x_wconf 58' lang='lat' dir='ltr'>Cap-idid·</span> 
     </span>
     <span class='ocr_line' id='line_1_21' title="bbox 253 2558 1755 2678; baseline 0 -24"><span class='ocrx_word' id='word_1_213' title='bbox 253 2583 361 2674; x_wconf 91' lang='lat' dir='ltr'>Quod</span> <span class='ocrx_word' id='word_1_214' title='bbox 384 2603 492 2659; x_wconf 88' lang='lat' dir='ltr'>autern</span> <span class='ocrx_word' id='word_1_215' title='bbox 517 2605 617 2654; x_wconf 87' lang='lat' dir='ltr'>unam</span> <span class='ocrx_word' id='word_1_216' title='bbox 648 2603 687 2650; x_wconf 79' lang='lat' dir='ltr'>tx</span> <span class='ocrx_word' id='word_1_217' title='bbox 709 2577 807 2650; x_wconf 77' lang='lat' dir='ltr'>cauit</span> <span class='ocrx_word' id='word_1_218' title='bbox 839 2571 934 2664; x_wconf 68' lang='lat' dir='ltr'>facilis</span> <span class='ocrx_word' id='word_1_219' title='bbox 965 2584 1249 2672; x_wconf 73' lang='lat' dir='ltr'>coagmentatione</span> <span class='ocrx_word' id='word_1_220' title='bbox 1281 2601 1444 2654; x_wconf 83' lang='lat' dir='ltr'>meatuum</span> <span class='ocrx_word' id='word_1_221' title='bbox 1479 2603 1584 2678; x_wconf 78' lang='lat' dir='ltr'>angu-</span> <span class='ocrx_word' id='word_1_222' title='bbox 1603 2576 1625 2618; x_wconf 90' lang='lat'>¹·</span> <span class='ocrx_word' id='word_1_223' title='bbox 1648 2558 1682 2616; x_wconf 44' lang='grc' dir='ltr'>δ’</span> <span class='ocrx_word' id='word_1_224' title='bbox 1697 2559 1755 2616; x_wconf 57' lang='lat' dir='ltr'>‘h‘</span> 
     </span>
     <span class='ocr_line' id='line_1_22' title="bbox 204 2635 1757 2780; baseline 0.001 -28"><span class='ocrx_word' id='word_1_225' title='bbox 204 2681 295 2753; x_wconf 83' lang='lat' dir='ltr'>iiiam</span> <span class='ocrx_word' id='word_1_226' title='bbox 320 2685 395 2755; x_wconf 85' lang='lat' dir='ltr'>Gti.</span> <span class='ocrx_word' id='word_1_227' title='bbox 417 2703 491 2757; x_wconf 85' lang='lat' dir='ltr'>ante</span> <span class='ocrx_word' id='word_1_228' title='bbox 515 2682 693 2776; x_wconf 71' lang='lat' dir='ltr'>negaverit,</span> <span class='ocrx_word' id='word_1_229' title='bbox 717 2677 750 2747; x_wconf 89' lang='lat' dir='ltr'>id</span> <span class='ocrx_word' id='word_1_230' title='bbox 774 2677 848 2745; x_wconf 81' lang='lat' dir='ltr'>iiect</span> <span class='ocrx_word' id='word_1_231' title='bbox 873 2673 1154 2772; x_wconf 84' lang='lat' dir='ltr'>pertranseundum</span> <span class='ocrx_word' id='word_1_232' title='bbox 1180 2705 1245 2750; x_wconf 92' lang='lat' dir='ltr'>non</span> <span class='ocrx_word' id='word_1_233' title='bbox 1269 2679 1335 2760; x_wconf 81' lang='lat' dir='ltr'>eii,</span> <span class='ocrx_word' id='word_1_234' title='bbox 1357 2685 1512 2779; x_wconf 84' lang='lat' dir='ltr'>conceptis</span> <span class='ocrx_word' id='word_1_235' title='bbox 1534 2655 1682 2780; x_wconf 50' lang='lat' dir='ltr'>roffi„</span> <span class='ocrx_word' id='word_1_236' title='bbox 1703 2635 1757 2716; x_wconf 64' lang='lat' dir='ltr'>f*</span> 
     </span>
     <span class='ocr_line' id='line_1_23' title="bbox 205 2774 1583 2872; baseline 0 -20"><span class='ocrx_word' id='word_1_237' title='bbox 205 2805 275 2852; x_wconf 90' lang='lat' dir='ltr'>men</span> <span class='ocrx_word' id='word_1_238' title='bbox 299 2777 407 2855; x_wconf 78' lang='lat' dir='ltr'>uerbis</span> <span class='ocrx_word' id='word_1_239' title='bbox 430 2785 463 2854; x_wconf 89' lang='lat' dir='ltr'>id</span> <span class='ocrx_word' id='word_1_240' title='bbox 487 2780 634 2852; x_wconf 78' lang='lat' dir='ltr'>statuit.-</span> <span class='ocrx_word' id='word_1_241' title='bbox 665 2781 701 2848; x_wconf 68' lang='grc' dir='ltr'><strong>ἅ</strong></span> <span class='ocrx_word' id='word_1_242' title='bbox 731 2775 826 2868; x_wconf 75' lang='lat' dir='ltr'>iunge</span> <span class='ocrx_word' id='word_1_243' title='bbox 849 2774 940 2844; x_wconf 90' lang='lat' dir='ltr'>aliter</span> <span class='ocrx_word' id='word_1_244' title='bbox 962 2777 1038 2848; x_wconf 83' lang='lat' dir='ltr'>aiias</span> <span class='ocrx_word' id='word_1_245' title='bbox 1061 2780 1200 2856; x_wconf 88' lang='lat' dir='ltr'>docuit,</span> <span class='ocrx_word' id='word_1_246' title='bbox 1234 2783 1278 2850; x_wconf 88' lang='lat' dir='ltr'>ait</span> <span class='ocrx_word' id='word_1_247' title='bbox 1312 2785 1433 2850; x_wconf 82' lang='lat' dir='ltr'>enim:</span> <span class='ocrx_word' id='word_1_248' title='bbox 1466 2784 1583 2872; x_wconf 79' lang='lat' dir='ltr'>Quum</span> 
     </span>
     <span class='ocr_line' id='line_1_24' title="bbox 204 2869 1587 2976; baseline -0.001 -26"><span class='ocrx_word' id='word_1_249' title='bbox 204 2881 312 2960; x_wconf 82' lang='lat' dir='ltr'>lentus</span> <span class='ocrx_word' id='word_1_250' title='bbox 339 2884 460 2951; x_wconf 90' lang='lat' dir='ltr'>burnor</span> <span class='ocrx_word' id='word_1_251' title='bbox 481 2882 635 2952; x_wconf 86' lang='lat' dir='ltr'>lentorem</span> <span class='ocrx_word' id='word_1_252' title='bbox 659 2870 787 2953; x_wconf 72' lang='lat' dir='ltr'>sumit,</span> <span class='ocrx_word' id='word_1_253' title='bbox 811 2877 846 2943; x_wconf 80' lang='lat' dir='ltr'>dr</span> <span class='ocrx_word' id='word_1_254' title='bbox 868 2869 1065 2967; x_wconf 76' lang='lat' dir='ltr'>quibussam</span> <span class='ocrx_word' id='word_1_255' title='bbox 1097 2877 1248 2950; x_wconf 81' lang='lat' dir='ltr'>tranfitut</span> <span class='ocrx_word' id='word_1_256' title='bbox 1272 2901 1329 2976; x_wconf 89' lang='lat' dir='ltr'>per</span> <span class='ocrx_word' id='word_1_257' title='bbox 1352 2897 1439 2950; x_wconf 83' lang='lat' dir='ltr'>rente</span> <span class='ocrx_word' id='word_1_258' title='bbox 1461 2877 1587 2973; x_wconf 79' lang='lat' dir='ltr'>angusti</span> 
     </span>
     <span class='ocr_line' id='line_1_25' title="bbox 205 2971 1589 3076; baseline -0.007 -27"><span class='ocrx_word' id='word_1_259' title='bbox 205 2975 303 3058; x_wconf 86' lang='lat' dir='ltr'>sunt,</span> <span class='ocrx_word' id='word_1_260' title='bbox 328 2975 374 3051; x_wconf 90' lang='lat' dir='ltr'>ibi</span> <span class='ocrx_word' id='word_1_261' title='bbox 397 2980 487 3076; x_wconf 90' lang='lat' dir='ltr'>quod</span> <span class='ocrx_word' id='word_1_262' title='bbox 510 2974 644 3049; x_wconf 73' lang='lat' dir='ltr'>erarium</span> <span class='ocrx_word' id='word_1_263' title='bbox 665 2971 740 3055; x_wconf 87' lang='lat' dir='ltr'>eii,</span> <span class='ocrx_word' id='word_1_264' title='bbox 771 2977 807 3045; x_wconf 75' lang='grc' dir='ltr'>δι</span> <span class='ocrx_word' id='word_1_265' title='bbox 830 2975 967 3047; x_wconf 78' lang='lat' dir='ltr'>maxime</span> <span class='ocrx_word' id='word_1_266' title='bbox 985 2976 1112 3049; x_wconf 85' lang='lat' dir='ltr'>lentum</span> <span class='ocrx_word' id='word_1_267' title='bbox 1133 3026 1145 3059; x_wconf 92' lang='lat'>,</span> <span class='ocrx_word' id='word_1_268' title='bbox 1167 2978 1288 3063; x_wconf 83' lang='lat' dir='ltr'>diutius</span> <span class='ocrx_word' id='word_1_269' title='bbox 1313 2995 1476 3053; x_wconf 75' lang='lat' dir='ltr'>moratur,</span> <span class='ocrx_word' id='word_1_270' title='bbox 1499 2973 1589 3057; x_wconf 69' lang='lat' dir='ltr'>oripo</span> 
     </span>
     <span class='ocr_line' id='line_1_26' title="bbox 208 3069 1588 3175; baseline -0.007 -24"><span class='ocrx_word' id='word_1_271' title='bbox 208 3094 333 3175; x_wconf 84' lang='lat' dir='ltr'>promte</span> <span class='ocrx_word' id='word_1_272' title='bbox 358 3083 481 3174; x_wconf 80' lang='lat' dir='ltr'>gignit,</span> <span class='ocrx_word' id='word_1_273' title='bbox 504 3073 678 3168; x_wconf 86' lang='lat' dir='ltr'>eujusmodi</span> <span class='ocrx_word' id='word_1_274' title='bbox 701 3079 738 3144; x_wconf 93' lang='lat' dir='ltr'>in</span> <span class='ocrx_word' id='word_1_275' title='bbox 762 3071 839 3147; x_wconf 75' lang='lat' dir='ltr'>rufis</span> <span class='ocrx_word' id='word_1_276' title='bbox 861 3075 896 3144; x_wconf 91' lang='lat' dir='ltr'>in</span> <span class='ocrx_word' id='word_1_277' title='bbox 919 3070 1042 3169; x_wconf 74' lang='lat' dir='ltr'>quibus</span> <span class='ocrx_word' id='word_1_278' title='bbox 1073 3098 1162 3170; x_wconf 85' lang='lat' dir='ltr'>aqua</span> <span class='ocrx_word' id='word_1_279' title='bbox 1196 3079 1233 3147; x_wconf 83' lang='lat' dir='ltr'>fit</span> <span class='ocrx_word' id='word_1_280' title='bbox 1257 3080 1292 3145; x_wconf 76' lang='lat' dir='ltr'>dc</span> <span class='ocrx_word' id='word_1_281' title='bbox 1316 3069 1474 3146; x_wconf 76' lang='lat' dir='ltr'>accrescit.</span> <span class='ocrx_word' id='word_1_282' title='bbox 1498 3076 1588 3149; x_wconf 88' lang='lat' dir='ltr'>Con.</span> 
     </span>
     <span class='ocr_line' id='line_1_27' title="bbox 207 3173 1589 3268; baseline 0 -21"><span class='ocrx_word' id='word_1_283' title='bbox 207 3174 266 3247; x_wconf 86' lang='lat' dir='ltr'>fert</span> <span class='ocrx_word' id='word_1_284' title='bbox 290 3179 448 3250; x_wconf 84' lang='lat' dir='ltr'>&amp;adid</span> <span class='ocrx_word' id='word_1_285' title='bbox 473 3182 608 3249; x_wconf 70' lang='lat' dir='ltr'>manmit</span> <span class='ocrx_word' id='word_1_286' title='bbox 640 3197 754 3247; x_wconf 82' lang='lat' dir='ltr'>renutu</span> <span class='ocrx_word' id='word_1_287' title='bbox 782 3191 1096 3268; x_wconf 81' lang='lat' dir='ltr'>temperamentum,</span> <span class='ocrx_word' id='word_1_288' title='bbox 1132 3197 1239 3265; x_wconf 87' lang='lat' dir='ltr'>quum</span> <span class='ocrx_word' id='word_1_289' title='bbox 1270 3176 1366 3244; x_wconf 85' lang='lat' dir='ltr'>eriam</span> <span class='ocrx_word' id='word_1_290' title='bbox 1397 3173 1486 3245; x_wconf 80' lang='lat' dir='ltr'>calor</span> <span class='ocrx_word' id='word_1_291' title='bbox 1508 3179 1589 3247; x_wconf 75' lang='lat' dir='ltr'>acrio</span> 
     </span>
     <span class='ocr_line' id='line_1_28' title="bbox 209 3270 1585 3369; baseline 0.002 -25"><span class='ocrx_word' id='word_1_292' title='bbox 209 3270 325 3353; x_wconf 80' lang='lat' dir='ltr'>fuerit,</span> <span class='ocrx_word' id='word_1_293' title='bbox 349 3298 449 3369; x_wconf 87' lang='lat' dir='ltr'>atque</span> <span class='ocrx_word' id='word_1_294' title='bbox 472 3276 574 3349; x_wconf 82' lang='lat' dir='ltr'>veluti</span> <span class='ocrx_word' id='word_1_295' title='bbox 597 3280 734 3366; x_wconf 73' lang='lat' dir='ltr'>igneus.</span> <span class='ocrx_word' id='word_1_296' title='bbox 768 3272 843 3340; x_wconf 89' lang='lat' dir='ltr'>Cur</span> <span class='ocrx_word' id='word_1_297' title='bbox 865 3292 945 3360; x_wconf 80' lang='lat' dir='ltr'>ergo</span> <span class='ocrx_word' id='word_1_298' title='bbox 967 3270 1146 3367; x_wconf 78' lang='lat' dir='ltr'>angustiam</span> <span class='ocrx_word' id='word_1_299' title='bbox 1170 3271 1259 3343; x_wconf 84' lang='lat' dir='ltr'>istam</span> <span class='ocrx_word' id='word_1_300' title='bbox 1283 3274 1412 3363; x_wconf 78' lang='lat' dir='ltr'>rejicite</span> <span class='ocrx_word' id='word_1_301' title='bbox 1445 3274 1525 3347; x_wconf 90' lang='lat' dir='ltr'>Non</span> <span class='ocrx_word' id='word_1_302' title='bbox 1549 3298 1585 3347; x_wconf 81' lang='lat' dir='ltr'>ee</span> 
     </span>
     <span class='ocr_line' id='line_1_29' title="bbox 207 3367 1586 3463; baseline -0.001 -20"><span class='ocrx_word' id='word_1_303' title='bbox 207 3374 249 3443; x_wconf 83' lang='lat' dir='ltr'>rii</span> <span class='ocrx_word' id='word_1_304' title='bbox 274 3398 363 3445; x_wconf 85' lang='lat' dir='ltr'>ment</span> <span class='ocrx_word' id='word_1_305' title='bbox 386 3376 555 3451; x_wconf 61' lang='lat' dir='ltr'>tutioris,</span> <span class='ocrx_word' id='word_1_306' title='bbox 590 3388 631 3441; x_wconf 91' lang='lat' dir='ltr'>ut</span> <span class='ocrx_word' id='word_1_307' title='bbox 654 3386 747 3462; x_wconf 77' lang='lat' dir='ltr'>neget</span> <span class='ocrx_word' id='word_1_308' title='bbox 779 3367 912 3437; x_wconf 89' lang='lat' dir='ltr'>omnino</span> <span class='ocrx_word' id='word_1_309' title='bbox 947 3369 1126 3463; x_wconf 83' lang='lat' dir='ltr'>angustiam</span> <span class='ocrx_word' id='word_1_310' title='bbox 1159 3388 1322 3447; x_wconf 85' lang='lat' dir='ltr'>meatuum</span> <span class='ocrx_word' id='word_1_311' title='bbox 1348 3372 1388 3441; x_wconf 89' lang='lat' dir='ltr'>ad</span> <span class='ocrx_word' id='word_1_312' title='bbox 1413 3378 1586 3447; x_wconf 81' lang='lat' dir='ltr'>concretio-</span> 
     </span>
     <span class='ocr_line' id='line_1_30' title="bbox 207 3468 1587 3567; baseline 0.001 -27"><span class='ocrx_word' id='word_1_313' title='bbox 207 3496 277 3542; x_wconf 88' lang='lat' dir='ltr'>nem</span> <span class='ocrx_word' id='word_1_314' title='bbox 303 3474 424 3553; x_wconf 78' lang='lat' dir='ltr'>iccere,</span> <span class='ocrx_word' id='word_1_315' title='bbox 447 3470 498 3545; x_wconf 83' lang='lat' dir='ltr'>sed</span> <span class='ocrx_word' id='word_1_316' title='bbox 522 3471 634 3544; x_wconf 89' lang='lat' dir='ltr'>evertit</span> <span class='ocrx_word' id='word_1_317' title='bbox 656 3489 767 3537; x_wconf 88' lang='lat' dir='ltr'>eorum</span> <span class='ocrx_word' id='word_1_318' title='bbox 792 3468 971 3563; x_wconf 88' lang='lat' dir='ltr'>opinionem</span> <span class='ocrx_word' id='word_1_319' title='bbox 995 3474 1055 3564; x_wconf 88' lang='lat' dir='ltr'>qui</span> <span class='ocrx_word' id='word_1_320' title='bbox 1077 3470 1149 3541; x_wconf 90' lang='lat' dir='ltr'>ideo</span> <span class='ocrx_word' id='word_1_321' title='bbox 1173 3470 1330 3541; x_wconf 86' lang='lat' dir='ltr'>crederent</span> <span class='ocrx_word' id='word_1_322' title='bbox 1354 3473 1462 3567; x_wconf 85' lang='lat' dir='ltr'>putiut</span> <span class='ocrx_word' id='word_1_323' title='bbox 1485 3475 1518 3541; x_wconf 87' lang='lat' dir='ltr'>in</span> <span class='ocrx_word' id='word_1_324' title='bbox 1537 3495 1587 3542; x_wconf 86' lang='lat' dir='ltr'>re·</span> 
     </span>
     <span class='ocr_line' id='line_1_31' title="bbox 208 3566 1590 3668; baseline 0 -29"><span class='ocrx_word' id='word_1_325' title='bbox 208 3567 302 3640; x_wconf 89' lang='lat' dir='ltr'>nibus</span> <span class='ocrx_word' id='word_1_326' title='bbox 327 3579 474 3646; x_wconf 84' lang='lat' dir='ltr'>virorum</span> <span class='ocrx_word' id='word_1_327' title='bbox 497 3572 570 3665; x_wconf 77' lang='lat' dir='ltr'>cogi</span> <span class='ocrx_word' id='word_1_328' title='bbox 593 3566 779 3641; x_wconf 78' lang='lat' dir='ltr'>calculum,</span> <span class='ocrx_word' id='word_1_329' title='bbox 809 3588 909 3659; x_wconf 86' lang='lat' dir='ltr'>quam</span> <span class='ocrx_word' id='word_1_330' title='bbox 933 3569 967 3637; x_wconf 96' lang='lat' dir='ltr'>in</span> <span class='ocrx_word' id='word_1_331' title='bbox 993 3592 1196 3668; x_wconf 89' lang='lat' dir='ltr'>puerorum,</span> <span class='ocrx_word' id='word_1_332' title='bbox 1229 3569 1321 3663; x_wconf 90' lang='lat' dir='ltr'>quod</span> <span class='ocrx_word' id='word_1_333' title='bbox 1345 3568 1477 3639; x_wconf 85' lang='lat' dir='ltr'>illorum</span> <span class='ocrx_word' id='word_1_334' title='bbox 1501 3590 1590 3641; x_wconf 77' lang='lat' dir='ltr'>renes</span> 
     </span>
     <span class='ocr_line' id='line_1_32' title="bbox 205 3661 1589 3764; baseline -0.001 -26"><span class='ocrx_word' id='word_1_335' title='bbox 205 3670 404 3763; x_wconf 76' lang='lat' dir='ltr'>angustiores</span> <span class='ocrx_word' id='word_1_336' title='bbox 425 3666 544 3746; x_wconf 74' lang='lat' dir='ltr'>essent,</span> <span class='ocrx_word' id='word_1_337' title='bbox 567 3684 667 3754; x_wconf 79' lang='lat' dir='ltr'>q‘uam</span> <span class='ocrx_word' id='word_1_338' title='bbox 692 3664 830 3735; x_wconf 84' lang='lat' dir='ltr'>horum.</span> <span class='ocrx_word' id='word_1_339' title='bbox 855 3663 940 3737; x_wconf 84' lang='lat' dir='ltr'>Sunt</span> <span class='ocrx_word' id='word_1_340' title='bbox 962 3688 1098 3763; x_wconf 91' lang='lat' dir='ltr'>quoque</span> <span class='ocrx_word' id='word_1_341' title='bbox 1130 3675 1165 3740; x_wconf 74' lang='lat' dir='ltr'>dr</span> <span class='ocrx_word' id='word_1_342' title='bbox 1200 3661 1273 3737; x_wconf 84' lang='lat' dir='ltr'>satis</span> <span class='ocrx_word' id='word_1_343' title='bbox 1296 3670 1329 3736; x_wconf 93' lang='lat' dir='ltr'>in</span> <span class='ocrx_word' id='word_1_344' title='bbox 1355 3670 1460 3764; x_wconf 88' lang='lat' dir='ltr'>pueris</span> <span class='ocrx_word' id='word_1_345' title='bbox 1484 3664 1589 3763; x_wconf 79' lang='lat' dir='ltr'>preni-</span> 
     </span>
     <span class='ocr_line' id='line_1_33' title="bbox 209 3764 1589 3863; baseline -0.001 -26"><span class='ocrx_word' id='word_1_346' title='bbox 209 3790 272 3861; x_wconf 89' lang='lat' dir='ltr'>que</span> <span class='ocrx_word' id='word_1_347' title='bbox 296 3792 411 3841; x_wconf 87' lang='lat' dir='ltr'>tenom</span> <span class='ocrx_word' id='word_1_348' title='bbox 434 3768 557 3863; x_wconf 76' lang='lat' dir='ltr'>angusti</span> <span class='ocrx_word' id='word_1_349' title='bbox 582 3786 730 3834; x_wconf 82' lang='lat' dir='ltr'>meatus.</span> <span class='ocrx_word' id='word_1_350' title='bbox 765 3764 952 3837; x_wconf 75' lang='lat' dir='ltr'>Accedit&amp;</span> <span class='ocrx_word' id='word_1_351' title='bbox 974 3768 1084 3838; x_wconf 78' lang='lat' dir='ltr'>iliud:</span> <span class='ocrx_word' id='word_1_352' title='bbox 1109 3772 1197 3837; x_wconf 88' lang='lat' dir='ltr'>inter</span> <span class='ocrx_word' id='word_1_353' title='bbox 1228 3766 1372 3835; x_wconf 77' lang='lat' dir='ltr'>homines</span> <span class='ocrx_word' id='word_1_354' title='bbox 1386 3768 1418 3833; x_wconf 86' lang='lat' dir='ltr'>ii</span> <span class='ocrx_word' id='word_1_355' title='bbox 1442 3766 1589 3836; x_wconf 85' lang='lat' dir='ltr'>caieuioii</span> 
     </span>
     <span class='ocr_line' id='line_1_34' title="bbox 212 3857 1590 3965; baseline 0 -30"><span class='ocrx_word' id='word_1_356' title='bbox 212 3869 297 3936; x_wconf 83' lang='lat' dir='ltr'>fiunt</span> <span class='ocrx_word' id='word_1_357' title='bbox 318 3876 379 3965; x_wconf 89' lang='lat' dir='ltr'>qni</span> <span class='ocrx_word' id='word_1_358' title='bbox 405 3864 572 3939; x_wconf 88' lang='lat' dir='ltr'>abundant</span> <span class='ocrx_word' id='word_1_359' title='bbox 595 3863 700 3935; x_wconf 82' lang='lat' dir='ltr'>calore</span> <span class='ocrx_word' id='word_1_360' title='bbox 724 3864 806 3941; x_wconf 77' lang='lat' dir='ltr'>acri,</span> <span class='ocrx_word' id='word_1_361' title='bbox 830 3867 890 3957; x_wconf 77' lang='lat' dir='ltr'>qui</span> <span class='ocrx_word' id='word_1_362' title='bbox 913 3860 1044 3949; x_wconf 87' lang='lat' dir='ltr'>bilioii,</span> <span class='ocrx_word' id='word_1_363' title='bbox 1074 3868 1133 3959; x_wconf 87' lang='lat' dir='ltr'>qui</span> <span class='ocrx_word' id='word_1_364' title='bbox 1158 3857 1370 3942; x_wconf 56' lang='lat' dir='ltr'>domimi</span> <span class='ocrx_word' id='word_1_365' title='bbox 1389 3864 1478 3956; x_wconf 90' lang='lat' dir='ltr'>quod</span> <span class='ocrx_word' id='word_1_366' title='bbox 1502 3864 1590 3937; x_wconf 88' lang='lat' dir='ltr'>taior</span> 
     </span>
     <span class='ocr_line' id='line_1_35' title="bbox 209 3957 1589 4062; baseline 0.002 -31"><span class='ocrx_word' id='word_1_367' title='bbox 209 3971 362 4051; x_wconf 76' lang='lat' dir='ltr'>majorem</span> <span class='ocrx_word' id='word_1_368' title='bbox 408 3969 548 4039; x_wconf 80' lang='lat' dir='ltr'>alimenti</span> <span class='ocrx_word' id='word_1_369' title='bbox 597 3978 720 4059; x_wconf 83' lang='lat' dir='ltr'>portem</span> <span class='ocrx_word' id='word_1_370' title='bbox 765 3980 990 4062; x_wconf 76' lang='lat' dir='ltr'>corrumpat,</span> <span class='ocrx_word' id='word_1_371' title='bbox 1021 3984 1133 4062; x_wconf 86' lang='lat' dir='ltr'>utpote</span> <span class='ocrx_word' id='word_1_372' title='bbox 1165 3957 1287 4034; x_wconf 83' lang='lat' dir='ltr'>febrilis</span> <span class='ocrx_word' id='word_1_373' title='bbox 1320 4008 1332 4042; x_wconf 91' lang='lat'>,</span> <span class='ocrx_word' id='word_1_374' title='bbox 1381 3966 1417 4033; x_wconf 75' lang='grc' dir='ltr'>δι</span> <span class='ocrx_word' id='word_1_375' title='bbox 1450 3964 1589 4034; x_wconf 81' lang='lat' dir='ltr'>eruditae</span> 
     </span>
     <span class='ocr_line' id='line_1_36' title="bbox 210 4060 1593 4155; baseline 0.001 -24"><span class='ocrx_word' id='word_1_376' title='bbox 210 4084 284 4151; x_wconf 81' lang='lat' dir='ltr'>quae</span> <span class='ocrx_word' id='word_1_377' title='bbox 331 4065 405 4135; x_wconf 88' lang='lat' dir='ltr'>hinc</span> <span class='ocrx_word' id='word_1_378' title='bbox 452 4061 627 4140; x_wconf 83' lang='lat' dir='ltr'>nascitur,</span> <span class='ocrx_word' id='word_1_379' title='bbox 659 4060 894 4155; x_wconf 82' lang='lat' dir='ltr'>(quamquam</span> <span class='ocrx_word' id='word_1_380' title='bbox 942 4086 1008 4133; x_wconf 91' lang='lat' dir='ltr'>non</span> <span class='ocrx_word' id='word_1_381' title='bbox 1057 4084 1123 4134; x_wconf 88' lang='lat' dir='ltr'>tam</span> <span class='ocrx_word' id='word_1_382' title='bbox 1148 4068 1181 4135; x_wconf 93' lang='lat' dir='ltr'>in</span> <span class='ocrx_word' id='word_1_383' title='bbox 1205 4064 1242 4133; x_wconf 81' lang='lat' dir='ltr'>iis</span> <span class='ocrx_word' id='word_1_384' title='bbox 1266 4063 1415 4133; x_wconf 81' lang='lat' dir='ltr'>humores</span> <span class='ocrx_word' id='word_1_385' title='bbox 1438 4062 1593 4135; x_wconf 88' lang='lat' dir='ltr'>dicuntur</span> 
     </span>
     <span class='ocr_line' id='line_1_37' title="bbox 212 4148 1749 4281; baseline 0 -46"><span class='ocrx_word' id='word_1_386' title='bbox 212 4152 288 4235; x_wconf 65' lang='lat' dir='ltr'>“itti</span> <span class='ocrx_word' id='word_1_387' title='bbox 309 4186 412 4258; x_wconf 89' lang='lat' dir='ltr'>quam</span> <span class='ocrx_word' id='word_1_388' title='bbox 434 4160 577 4231; x_wconf 68' lang='lat' dir='ltr'>dmm,</span> <span class='ocrx_word' id='word_1_389' title='bbox 598 4148 706 4239; x_wconf 61' lang='lat' dir='ltr'>‚dirim</span> <span class='ocrx_word' id='word_1_390' title='bbox 729 4179 837 4231; x_wconf 87' lang='lat' dir='ltr'>autem</span> <span class='ocrx_word' id='word_1_391' title='bbox 860 4154 907 4231; x_wconf 70' lang='lat' dir='ltr'>tui</span> <span class='ocrx_word' id='word_1_392' title='bbox 925 4154 957 4219; x_wconf 73' lang='lat' dir='ltr'>ni</span> <span class='ocrx_word' id='word_1_393' title='bbox 974 4159 1099 4225; x_wconf 72' lang='lat' dir='ltr'>ticum</span> <span class='ocrx_word' id='word_1_394' title='bbox 1120 4160 1325 4255; x_wconf 76' lang='lat' dir='ltr'>distinguitur</span> <span class='ocrx_word' id='word_1_395' title='bbox 1349 4164 1360 4248; x_wconf 90' lang='lat'>)</span> <span class='ocrx_word' id='word_1_396' title='bbox 1386 4189 1395 4230; x_wconf 78' lang='grc' dir='ltr'><strong>ι</strong></span> <span class='ocrx_word' id='word_1_397' title='bbox 1419 4163 1466 4231; x_wconf 84' lang='lat' dir='ltr'>At</span> <span class='ocrx_word' id='word_1_398' title='bbox 1489 4165 1523 4233; x_wconf 91' lang='lat' dir='ltr'>in</span> <span class='ocrx_word' id='word_1_399' title='bbox 1539 4180 1590 4235; x_wconf 81' lang='lat' dir='ltr'>ra·</span> <span class='ocrx_word' id='word_1_400' title='bbox 1629 4222 1661 4281; x_wconf 52' lang='lat' dir='ltr'><em>d</em></span> <span class='ocrx_word' id='word_1_401' title='bbox 1727 4222 1749 4281; x_wconf 47' lang='lat' dir='ltr'><em>d</em></span> 
     </span>
     <span class='ocr_line' id='line_1_38' title="bbox 213 4229 1763 4363; baseline 0.005 -36"><span class='ocrx_word' id='word_1_402' title='bbox 213 4254 294 4331; x_wconf 80' lang='lat' dir='ltr'>libus</span> <span class='ocrx_word' id='word_1_403' title='bbox 317 4286 376 4333; x_wconf 89' lang='lat' dir='ltr'>cor</span> <span class='ocrx_word' id='word_1_404' title='bbox 419 4254 508 4331; x_wconf 76' lang='lat' dir='ltr'>nbut</span> <span class='ocrx_word' id='word_1_405' title='bbox 530 4284 616 4334; x_wconf 75' lang='lat' dir='ltr'>vene</span> <span class='ocrx_word' id='word_1_406' title='bbox 640 4279 764 4359; x_wconf 72' lang='lat' dir='ltr'>patent,</span> <span class='ocrx_word' id='word_1_407' title='bbox 794 4262 836 4329; x_wconf 85' lang='lat' dir='ltr'>Er</span> <span class='ocrx_word' id='word_1_408' title='bbox 857 4261 898 4330; x_wconf 88' lang='lat' dir='ltr'>de</span> <span class='ocrx_word' id='word_1_409' title='bbox 921 4261 958 4329; x_wconf 81' lang='lat' dir='ltr'>iit</span> <span class='ocrx_word' id='word_1_410' title='bbox 983 4262 1085 4357; x_wconf 79' lang='lat' dir='ltr'>Hipp</span> <span class='ocrx_word' id='word_1_411' title='bbox 1117 4264 1187 4349; x_wconf 92' lang='lat' dir='ltr'>Qui</span> <span class='ocrx_word' id='word_1_412' title='bbox 1211 4280 1319 4333; x_wconf 87' lang='lat' dir='ltr'>ventre</span> <span class='ocrx_word' id='word_1_413' title='bbox 1343 4259 1444 4329; x_wconf 88' lang='lat' dir='ltr'>eaiido</span> <span class='ocrx_word' id='word_1_414' title='bbox 1477 4253 1550 4333; x_wconf 81' lang='lat' dir='ltr'>sunt</span> <span class='ocrx_word' id='word_1_415' title='bbox 1572 4229 1628 4363; x_wconf 55' lang='grc' dir='ltr'>,ξ</span> <span class='ocrx_word' id='word_1_416' title='bbox 1663 4238 1712 4288; x_wconf 79' lang='lat'>&#39;²’</span> <span class='ocrx_word' id='word_1_417' title='bbox 1748 4243 1763 4283; x_wconf 80' lang='lat'><em>&#39;</em></span> 
     </span>
     <span class='ocr_line' id='line_1_39' title="bbox 209 4350 1760 4461; baseline 0.003 -36"><span class='ocrx_word' id='word_1_418' title='bbox 209 4380 314 4431; x_wconf 80' lang='lat' dir='ltr'>earnes</span> <span class='ocrx_word' id='word_1_419' title='bbox 338 4363 380 4432; x_wconf 80' lang='lat' dir='ltr'>ba</span> <span class='ocrx_word' id='word_1_420' title='bbox 421 4378 459 4435; x_wconf 89' lang='lat' dir='ltr'>nt</span> <span class='ocrx_word' id='word_1_421' title='bbox 481 4356 520 4429; x_wconf 81' lang='lat' dir='ltr'>sti</span> <span class='ocrx_word' id='word_1_422' title='bbox 545 4366 551 4376; x_wconf 94' lang='lat'>&#39;</span> <span class='ocrx_word' id='word_1_423' title='bbox 576 4382 629 4450; x_wconf 75' lang='lat' dir='ltr'>as,</span> <span class='ocrx_word' id='word_1_424' title='bbox 652 4366 687 4431; x_wconf 75' lang='lat' dir='ltr'>dt</span> <span class='ocrx_word' id='word_1_425' title='bbox 710 4360 840 4452; x_wconf 78' lang='lat' dir='ltr'>graciles</span> <span class='ocrx_word' id='word_1_426' title='bbox 861 4354 956 4429; x_wconf 85' lang='lat' dir='ltr'>sunt.</span> <span class='ocrx_word' id='word_1_427' title='bbox 981 4357 1034 4428; x_wconf 81' lang='lat' dir='ltr'>iiii</span> <span class='ocrx_word' id='word_1_428' title='bbox 1057 4358 1165 4433; x_wconf 78' lang='lat' dir='ltr'>venuti</span> <span class='ocrx_word' id='word_1_429' title='bbox 1196 4364 1232 4430; x_wconf 74' lang='lat' dir='ltr'>dt</span> <span class='ocrx_word' id='word_1_430' title='bbox 1265 4358 1489 4431; x_wconf 76' lang='lat' dir='ltr'>iracundiores.</span> <span class='ocrx_word' id='word_1_431' title='bbox 1515 4360 1586 4430; x_wconf 86' lang='lat' dir='ltr'>Niii</span> <span class='ocrx_word' id='word_1_432' title='bbox 1604 4350 1760 4461; x_wconf 60' lang='lat' dir='ltr'>ffippfpm,</span> 
     </span>
     <span class='ocr_line' id='line_1_40' title="bbox 212 4362 1762 4559; baseline 0.001 -31"><span class='ocrx_word' id='word_1_433' title='bbox 212 4452 290 4529; x_wconf 75' lang='lat' dir='ltr'>iocre</span> <span class='ocrx_word' id='word_1_434' title='bbox 313 4461 400 4533; x_wconf 85' lang='lat' dir='ltr'>dicat</span> <span class='ocrx_word' id='word_1_435' title='bbox 424 4362 648 4530; x_wconf 50' lang='lat' dir='ltr'>venegono</span> <span class='ocrx_word' id='word_1_436' title='bbox 666 4476 735 4527; x_wconf 87' lang='lat' dir='ltr'>tarn</span> <span class='ocrx_word' id='word_1_437' title='bbox 759 4458 930 4555; x_wconf 78' lang='lat' dir='ltr'>appellari,</span> <span class='ocrx_word' id='word_1_438' title='bbox 952 4460 1045 4551; x_wconf 92' lang='lat' dir='ltr'>quod</span> <span class='ocrx_word' id='word_1_439' title='bbox 1070 4482 1156 4531; x_wconf 73' lang='lat' dir='ltr'>uene</span> <span class='ocrx_word' id='word_1_440' title='bbox 1180 4458 1292 4552; x_wconf 82' lang='lat' dir='ltr'>arnplae</span> <span class='ocrx_word' id='word_1_441' title='bbox 1316 4458 1376 4528; x_wconf 81' lang='lat' dir='ltr'>fint</span> <span class='ocrx_word' id='word_1_442' title='bbox 1388 4502 1401 4539; x_wconf 90' lang='lat'>‚</span> <span class='ocrx_word' id='word_1_443' title='bbox 1422 4450 1471 4528; x_wconf 68' lang='lat' dir='ltr'>td</span> <span class='ocrx_word' id='word_1_444' title='bbox 1494 4458 1585 4552; x_wconf 87' lang='lat' dir='ltr'>quod</span> <span class='ocrx_word' id='word_1_445' title='bbox 1602 4464 1762 4559; x_wconf 48' lang='lat' dir='ltr'>{nstit-</span> 
     </span>
     <span class='ocr_line' id='line_1_41' title="bbox 215 4540 1719 4657; baseline -0.007 -30"><span class='ocrx_word' id='word_1_446' title='bbox 215 4574 364 4653; x_wconf 76' lang='lat' dir='ltr'>turgeant</span> <span class='ocrx_word' id='word_1_447' title='bbox 385 4552 629 4657; x_wconf 75' lang='lat' dir='ltr'>conspicuaeque</span> <span class='ocrx_word' id='word_1_448' title='bbox 649 4556 712 4629; x_wconf 82' lang='lat' dir='ltr'>sint</span> <span class='ocrx_word' id='word_1_449' title='bbox 735 4550 782 4625; x_wconf 91' lang='lat' dir='ltr'>ob</span> <span class='ocrx_word' id='word_1_450' title='bbox 805 4564 896 4655; x_wconf 76' lang='lat' dir='ltr'>pravi</span> <span class='ocrx_word' id='word_1_451' title='bbox 922 4550 1082 4652; x_wconf 61' lang='lat' dir='ltr'>linguinis</span> <span class='ocrx_word' id='word_1_452' title='bbox 1103 4553 1352 4631; x_wconf 76' lang='lat' dir='ltr'>abundantiam:</span> <span class='ocrx_word' id='word_1_453' title='bbox 1377 4574 1516 4651; x_wconf 68' lang='lat' dir='ltr'>utrumne</span> <span class='ocrx_word' id='word_1_454' title='bbox 1537 4540 1719 4631; x_wconf 62' lang='lat' dir='ltr'>in-WM·</span> 
     </span>
     <span class='ocr_line' id='line_1_42' title="bbox 216 4648 1589 4755; baseline -0.005 -23"><span class='ocrx_word' id='word_1_455' title='bbox 216 4663 488 4752; x_wconf 76' lang='lat' dir='ltr'>tcrpnnttoeom</span> <span class='ocrx_word' id='word_1_456' title='bbox 517 4660 643 4731; x_wconf 86' lang='lat' dir='ltr'>Galeno</span> <span class='ocrx_word' id='word_1_457' title='bbox 663 4648 842 4727; x_wconf 72' lang='lat' dir='ltr'>eonstntit.</span> <span class='ocrx_word' id='word_1_458' title='bbox 866 4658 983 4728; x_wconf 73' lang='lat' dir='ltr'>Ptaetcr</span> <span class='ocrx_word' id='word_1_459' title='bbox 1005 4660 1065 4731; x_wconf 79' lang='lat' dir='ltr'>nos</span> <span class='ocrx_word' id='word_1_460' title='bbox 1085 4652 1173 4727; x_wconf 86' lang='lat' dir='ltr'>obeii</span> <span class='ocrx_word' id='word_1_461' title='bbox 1197 4662 1232 4729; x_wconf 74' lang='grc' dir='ltr'>δι</span> <span class='ocrx_word' id='word_1_462' title='bbox 1258 4662 1483 4755; x_wconf 79' lang='lat' dir='ltr'>praepinguet,</span> <span class='ocrx_word' id='word_1_463' title='bbox 1514 4660 1589 4751; x_wconf 91' lang='lat' dir='ltr'>qui·</span> 
     </span>
     <span class='ocr_line' id='line_1_43' title="bbox 216 4746 1595 4853; baseline -0.003 -27"><span class='ocrx_word' id='word_1_464' title='bbox 216 4746 281 4826; x_wconf 83' lang='lat' dir='ltr'>bus</span> <span class='ocrx_word' id='word_1_465' title='bbox 306 4753 380 4830; x_wconf 85' lang='lat' dir='ltr'>vasa</span> <span class='ocrx_word' id='word_1_466' title='bbox 401 4755 535 4850; x_wconf 73' lang='lat' dir='ltr'>tnguiia</span> <span class='ocrx_word' id='word_1_467' title='bbox 557 4754 655 4835; x_wconf 80' lang='lat' dir='ltr'>sunt,</span> <span class='ocrx_word' id='word_1_468' title='bbox 676 4754 825 4827; x_wconf 83' lang='lat' dir='ltr'>calculofi</span> <span class='ocrx_word' id='word_1_469' title='bbox 847 4778 984 4851; x_wconf 87' lang='lat' dir='ltr'>quoque</span> <span class='ocrx_word' id='word_1_470' title='bbox 1006 4761 1111 4830; x_wconf 84' lang='lat' dir='ltr'>fiunt.</span> <span class='ocrx_word' id='word_1_471' title='bbox 1135 4756 1194 4827; x_wconf 88' lang='lat' dir='ltr'>Sed</span> <span class='ocrx_word' id='word_1_472' title='bbox 1221 4759 1339 4853; x_wconf 83' lang='lat' dir='ltr'>priores</span> <span class='ocrx_word' id='word_1_473' title='bbox 1361 4755 1500 4827; x_wconf 79' lang='lat' dir='ltr'>calculos</span> <span class='ocrx_word' id='word_1_474' title='bbox 1523 4776 1595 4823; x_wconf 88' lang='lat' dir='ltr'>rna·</span> 
     </span>
     <span class='ocr_line' id='line_1_44' title="bbox 216 4842 1598 4953; baseline 0 -32"><span class='ocrx_word' id='word_1_475' title='bbox 216 4856 263 4945; x_wconf 78' lang='lat' dir='ltr'>gis</span> <span class='ocrx_word' id='word_1_476' title='bbox 284 4859 319 4923; x_wconf 85' lang='lat' dir='ltr'>iu</span> <span class='ocrx_word' id='word_1_477' title='bbox 341 4848 474 4926; x_wconf 85' lang='lat' dir='ltr'>renibut</span> <span class='ocrx_word' id='word_1_478' title='bbox 495 4875 661 4936; x_wconf 76' lang='lat' dir='ltr'>acervant,</span> <span class='ocrx_word' id='word_1_479' title='bbox 682 4848 771 4925; x_wconf 82' lang='lat' dir='ltr'>obest</span> <span class='ocrx_word' id='word_1_480' title='bbox 793 4874 904 4928; x_wconf 87' lang='lat' dir='ltr'>autem</span> <span class='ocrx_word' id='word_1_481' title='bbox 924 4852 1052 4926; x_wconf 68' lang='lat' dir='ltr'>nilons</span> <span class='ocrx_word' id='word_1_482' title='bbox 1076 4858 1182 4953; x_wconf 82' lang='lat' dir='ltr'>potius</span> <span class='ocrx_word' id='word_1_483' title='bbox 1204 4858 1417 4929; x_wconf 76' lang='lat' dir='ltr'>concretiones</span> <span class='ocrx_word' id='word_1_484' title='bbox 1442 4842 1560 4921; x_wconf 87' lang='lat' dir='ltr'>habent</span> <span class='ocrx_word' id='word_1_485' title='bbox 1588 4900 1598 4921; x_wconf 93' lang='lat'><strong>.</strong></span> 
     </span>
     <span class='ocr_line' id='line_1_45' title="bbox 220 4946 1600 5129; baseline 0 -108"><span class='ocrx_word' id='word_1_486' title='bbox 220 4952 331 5129; x_wconf 53' lang='grc' dir='ltr'>1ωῇ</span> <span class='ocrx_word' id='word_1_487' title='bbox 351 4975 458 5050; x_wconf 84' lang='lat' dir='ltr'>quum</span> <span class='ocrx_word' id='word_1_488' title='bbox 483 4952 556 5025; x_wconf 86' lang='lat' dir='ltr'>Gai.</span> <span class='ocrx_word' id='word_1_489' title='bbox 580 4959 707 5049; x_wconf 78' lang='lat' dir='ltr'>negavit</span> <span class='ocrx_word' id='word_1_490' title='bbox 723 4953 902 5050; x_wconf 80' lang='lat' dir='ltr'>angustiam</span> <span class='ocrx_word' id='word_1_491' title='bbox 934 4948 1080 5025; x_wconf 79' lang='lat' dir='ltr'>vasorum</span> <span class='ocrx_word' id='word_1_492' title='bbox 1112 4946 1237 5022; x_wconf 76' lang='lat' dir='ltr'>caubm</span> <span class='ocrx_word' id='word_1_493' title='bbox 1253 4946 1314 5022; x_wconf 78' lang='lat' dir='ltr'>esse</span> <span class='ocrx_word' id='word_1_494' title='bbox 1336 4952 1543 5019; x_wconf 88' lang='lat' dir='ltr'>concretionis</span> <span class='ocrx_word' id='word_1_495' title='bbox 1567 4954 1600 5023; x_wconf 88' lang='lat' dir='ltr'>in</span> 
     </span>
     <span class='ocr_line' id='line_1_46' title="bbox 223 5042 1605 5147; baseline -0.01 -14"><span class='ocrx_word' id='word_1_496' title='bbox 223 5054 287 5121; x_wconf 66' lang='lat' dir='ltr'>itui</span> <span class='ocrx_word' id='word_1_497' title='bbox 329 5053 541 5147; x_wconf 58' lang='lat' dir='ltr'>oritorum,</span> <span class='ocrx_word' id='word_1_498' title='bbox 564 5054 606 5129; x_wconf 83' lang='lat' dir='ltr'>ad</span> <span class='ocrx_word' id='word_1_499' title='bbox 630 5054 851 5130; x_wconf 79' lang='lat' dir='ltr'>infirmitatem</span> <span class='ocrx_word' id='word_1_500' title='bbox 876 5053 1038 5125; x_wconf 77' lang='lat' dir='ltr'>recurrite</span> <span class='ocrx_word' id='word_1_501' title='bbox 1078 5044 1175 5123; x_wconf 79' lang='lat' dir='ltr'>uerbo</span> <span class='ocrx_word' id='word_1_502' title='bbox 1198 5052 1265 5137; x_wconf 79' lang='lat' dir='ltr'>tius</span> <span class='ocrx_word' id='word_1_503' title='bbox 1298 5042 1399 5119; x_wconf 81' lang='lat' dir='ltr'>sunt:</span> <span class='ocrx_word' id='word_1_504' title='bbox 1425 5050 1463 5117; x_wconf 93' lang='lat' dir='ltr'>ln</span> <span class='ocrx_word' id='word_1_505' title='bbox 1486 5047 1605 5120; x_wconf 79' lang='lat' dir='ltr'>adultis</span> 
     </span>
    </p>
   </div>
   <div class='ocr_carea' id='block_1_3' title="bbox 307 4976 1559 5275">
    <p class='ocr_par' dir='ltr' id='par_1_3' title="bbox 307 4976 1559 5275">
     <span class='ocr_line' id='line_1_47' title="bbox 310 4976 330 5067; baseline 0 -5"><span class='ocrx_word' id='word_1_506' title='bbox 310 4976 330 5067; x_wconf 74' lang='lat'><em>5</em></span> 
     </span>
     <span class='ocr_line' id='line_1_48' title="bbox 307 5143 1559 5275; baseline 0.008 -65"><span class='ocrx_word' id='word_1_507' title='bbox 307 5176 367 5275; x_wconf 48' lang='lat' dir='ltr'>g,</span> <span class='ocrx_word' id='word_1_508' title='bbox 665 5147 701 5238; x_wconf 58' lang='lat' dir='ltr'>*a</span> <span class='ocrx_word' id='word_1_509' title='bbox 1137 5216 1146 5235; x_wconf 69' lang='lat'>‚</span> <span class='ocrx_word' id='word_1_510' title='bbox 1472 5143 1559 5221; x_wconf 86' lang='lat' dir='ltr'>caseo</span> 
     </span>
    </p>
   </div>
   <div class='ocr_carea' id='block_1_4' title="bbox 697 5240 722 5305">
    <p class='ocr_par' dir='ltr' id='par_1_4' title="bbox 697 5240 722 5305">
     <span class='ocr_line' id='line_1_49' title="bbox 697 5240 722 5305; baseline 0 0"><span class='ocrx_word' id='word_1_511' title='bbox 697 5240 722 5305; x_wconf 62' lang='lat' dir='ltr'>t*</span> 
     </span>
    </p>
   </div>
   <div class='ocr_carea' id='block_1_5' title="bbox 0 0 2223 6000">
    <p class='ocr_par' dir='ltr' id='par_1_5' title="bbox 0 0 2223 6000">
     <span class='ocr_line' id='line_1_50' title="bbox 0 0 2223 6000; baseline 0 0"><span class='ocrx_word' id='word_1_512' title='bbox 0 0 2223 6000; x_wconf 95' lang='lat' dir='ltr'> </span> 
     </span>
    </p>
   </div>
  </div>
 </body>
</html>
