4434 6000
528 607 1359 695 cocturnionttonrttmrn,
1558 636 1575 700 3

265 741 327 825 jore
343 733 476 830 dignum
495 733 700 808 admiratione
724 755 824 827 quam
856 735 889 802 in
913 724 1032 802 deseda
1052 753 1070 800 e
1092 752 1225 828 corpore
1259 729 1460 828 portiuncula
1485 748 1615 804 tantum

269 839 382 908 virium
407 855 558 930 ponere,
584 853 625 904 ut
647 819 685 905 in
704 833 763 918 hac
787 833 903 925 exiguo
940 823 1048 926 spiritu
1073 826 1197 926 persufi
1222 877 1233 909 ,
1265 833 1401 902 inanimi
1426 851 1555 909 tamen,
1578 837 1612 904 dt

268 935 337 1010 trudi
361 934 477 1004 animal
499 929 673 1030 persedium
696 926 882 1002 delitescat?
907 932 946 999 ln
968 929 1028 998 hac
1052 937 1139 1000 enim
1171 951 1238 999 oon
1269 930 1413 1030 exprcliae
1443 932 1575 1027 quidem
1599 979 1613 1012 ‚

261 1027 312 1104 sed
335 1025 532 1102 adumbrata
553 1051 681 1102 rantum
708 1025 780 1101 sunt
804 1051 912 1100 rerum
935 1023 1053 1121 effigies
1079 1051 1161 1120 quae
1186 1029 1295 1103 divina
1318 1053 1386 1102 una
1412 1027 1548 1102 facultas
1571 1031 1613 1100 li-

262 1149 328 1202 mat
349 1149 446 1226 atque
465 1131 634 1228 exprimit,
659 1129 722 1202 five
745 1125 922 1227 puledium
956 1125 1075 1197 animal
1106 1128 1219 1198 edatur
1242 1149 1282 1198 ut
1304 1123 1347 1199 ab
1369 1153 1456 1223 equo
1476 1135 1510 1197 dt
1547 1132 1609 1201 ho·

260 1235 357 1302 mine:
382 1232 445 1304 live
468 1255 590 1305 ouumr
616 1233 680 1306 sive
705 1232 838 1304 termis:
861 1229 910 1298 his
932 1235 1018 1300 enirn
1042 1215 1148 1296 tribus
1170 1227 1273 1296 modis
1296 1232 1329 1297 in
1352 1222 1545 1299 animalibus
1555 1234 1609 1302 sie·

257 1333 287 1400 ti
308 1335 469 1425 generatio
501 1338 673 1402 cernitur.
712 1332 760 1400 ne
786 1327 896 1423 planta
927 1327 1058 1418 quidem
1091 1319 1214 1394 seminis
1249 1324 1411 1414 intctjcdu
1440 1323 1606 1426 al'eipsa
1620 1316 1759 1412 Arist-3·

255 1427 350 1503 aliam
378 1431 527 1527 producit
548 1433 583 1499 in
607 1449 677 1522 qua
710 1425 810 1497 veluti
833 1423 976 1496 reditiva
1006 1420 1098 1494 suum
1123 1427 1290 1518 ingenium
1316 1427 1501 1518 exprimat.
1534 1395 1760 1534 Noeffdsdrdsss

252 1531 335 1598 enim
352 1528 438 1600 dicat
460 1533 554 1622 quis,
579 1526 670 1620 quod
694 1541 799 1595 tamen
825 1523 924 1616 vulgo
949 1521 1118 1612 jodiatur,
1140 1521 1461 1616 aglandtqucrcum
1486 1529 1608 1618 produ.
1737 1519 1748 1542 ⁹

256 1634 305 1696 ci:
332 1651 399 1696 non
423 1626 535 1718 glans,
559 1619 608 1694 sed
628 1643 764 1716 quercus
783 1624 915 1716 quercui
939 1615 1047 1691 causas
1065 1623 1280 1720 principiaque
1294 1621 1369 1690 dat.
1393 1621 1436 1689 Et
1449 1628 1607 1726 quiequid

256 1725 290 1792 in
314 1745 419 1795 recens
443 1722 599 1820 produdla
614 1744 737 1814 quercu
755 1723 918 1796 cernitur,
944 1720 1024 1790 illud
1043 1743 1109 1790 non
1133 1719 1245 1814 glandi
1269 1715 1321 1788 sed
1339 1721 1449 1816 primu
1483 1734 1606 1816 parent}

255 1843 417 1920 acceptum
435 1817 607 1898 reseratur,
631 1841 799 1914 tamquam
825 1825 986 1918 principio
1007 1843 1027 1892 a
1049 1843 1121 1914 quo
1154 1815 1254 1898 semen
1277 1819 1432 1888 deciditur
1463 1843 1722 1927 pamumplm

253 1917 393 2016 ipsarum
417 1945 483 1990 non
507 1912 682 1991 lestxlxuat
704 1919 794 2013 quast
818 1920 998 2015 quamdam
1022 1922 1237 1988 continuatam
1258 1920 1473 1989 motionem&
1497 1941 1730 2031 peren-‚pugg

252 2042 323 2088 nem
348 2019 453 2097 dicas,
477 2038 516 2090 ut
543 2019 624 2088 male
647 2019 762 2112 aliquo
785 2017 1023 2088 modoTullius
1045 2019 1201 2088 demente
1222 2011 1333 2098 sensit,
1359 2011 1411 2086 scd
1429 2011 1722 2096 smusxuaetcmxt·

252 2115 499 2212 perfedbionem,
523 2117 623 2191 veluti
641 2117 863 2215 complicatam
887 2139 924 2185 ac
947 2120 1113 2189 coercitam
1138 2119 1303 2193 retinens,
1325 2138 1401 2209 quet
1423 2112 1586 2194 sonuere
1612 2105 1691 2191 κύ(

252 2219 338 2288 tione
362 2209 523 2287 elucescit.
550 2218 667 2310 Qum
690 2236 798 2288 autern
825 2210 869 2286 ab
893 2215 1047 2310 eoquod
1080 2219 1145 2288 vita
1168 2212 1286 2285 fruitur
1317 2209 1446 2284 desento
1464 2194 1775 2316 rdiquiae²ff“‘”‘³⁴²

249 2315 441 2386 callidislimo
458 2318 629 2386 artificioa
656 2313 787 2387 Natura
810 2321 995 2406 excogitata
1021 2318 1237 2411 perpetuitatis
1268 2312 1410 2383 custodes
1442 2314 1604 2389 interitus-

253 2435 319 2508 que
341 2415 478 2488 vindices
501 2439 565 2483 non
585 2417 688 2510 ptimo
712 2437 845 2510 quoquc
869 2433 1010 2509 tempore
1025 2435 1126 2506 quam
1145 2414 1304 2482 occultam
1323 2413 1446 2491 ideam,
1472 2421 1606 2513 vimque

252 2511 441 2610 implicitam
467 2536 487 2582 a
510 2535 643 2610 corpote
662 2531 860 2610 rapuerunt,
883 2534 953 2582 eam
978 2517 1177 2610 exprimant,
1198 2507 1248 2582 sed
1266 2531 1379 2583 contra
1401 2513 1527 2603 ignaue
1550 2519 1606 2589 de.

249 2607 392 2705 fidesque
408 2635 445 2682 ex
469 2605 528 2681 scs:
548 2610 691 2680 existant
722 2639 731 2682 r
756 2615 856 2710 excipi
880 2612 981 2688 illas,
1006 2615 1124 2682 nutriti
1143 2605 1309 2704 foverique
1333 2618 1505 2709 oportuit,
1530 2615 1607 2686 bine

248 2713 393 2804 partium
419 2711 595 2782 machinata
630 2713 766 2782 varietas
793 2757 803 2787 ,
838 2713 911 2782 binc
948 2709 1038 2782 sirus
1069 2709 1260 2784 dislindbo.
1300 2709 1389 2779 Nam
1418 2735 1524 2806 quum
1549 2737 1606 2786 nec

246 2829 316 2878 mas
340 2833 380 2880 ex
403 2807 433 2880 se
457 2851 468 2884 2
493 2832 548 2880 nec
583 2805 700 2880 semina
728 2803 794 2906 ipsa
817 2816 960 2905 conjugis
975 2831 1083 2908 expeto
1105 2813 1281 2904 quicquam
1303 2807 1476 2904 persrstum
1511 2814 1606 2885 lima·

247 2924 386 3002 tumque
411 2909 486 2978 darc
509 2927 634 3003 queat,
667 2903 718 2978 sed
743 2909 868 3005 aliquid
894 2919 976 2983 iners
1000 2957 1010 2987 ,
1045 2910 1145 2986 rudc,
1168 2931 1204 2978 ae
1227 2905 1343 2976 inutile
1374 2928 1414 2980 ur
1438 2935 1502 2982 ova
1526 2908 1604 2983 sub.

248 3027 405 3080 veritanta
437 3008 471 3073 δι
506 3008 595 3077 mola
620 3006 809 3089 testantur,
841 3034 882 3081 ne
914 3010 1004 3107 quod
1032 3004 1075 3079 ab
1102 3010 1267 3079 alterutro
1283 3009 1386 3077 afferri
1418 3010 1516 3101 pollet
1535 3014 1606 3077 irri-

246 3122 319 3175 tum
354 3113 512 3200 inantque
544 3100 695 3178 existeret
721 3150 735 3189 ,
766 3104 933 3203 utriusque
967 3114 1002 3179 δι
1037 3110 1131 3177 maris
1165 3107 1198 3171 δι
1232 3100 1355 3170 semine
1383 3122 1442 3197 per
1463 3103 1606 3199 eongtes·

253 3198 325 3273 sum
353 3195 500 3296 symbola
524 3206 633 3296 conjici
649 3203 848 3300 consertique
872 3212 1018 3304 oportuit
1036 3202 1077 3271 ad
1113 3200 1344 3291 generationem
1380 3196 1550 3296 persediam
1571 3228 1608 3276 ac

254 3304 403 3398 undique
428 3298 633 3375 absolutam.
672 3306 808 3397 Alioqui
843 3308 932 3370 rudis
955 3290 1211 3388 adumbrataque
1246 3290 1348 3365 solum
1383 3308 1612 3396 procreationis

254 3396 370 3497 species
396 3420 537 3499 parerer,
562 3421 633 3469 tum
658 3402 691 3469 in
716 3402 807 3467 edita
830 3392 944 3465 sobolis
968 3412 1029 3463 aut
1054 3391 1186 3463 monslri
1202 3396 1308 3489 potius
1324 3374 1747 3519 imminutisaffio-{ffigg

244 3494 363 3579 nibus,
389 3521 463 3567 eum
489 3502 520 3563 in
544 3500 657 3587 exigua
683 3498 755 3565 vite
782 3487 898 3573 usura,
920 3514 991 3588 quo
1014 3494 1074 3561 loci
1087 3512 1233 3564 accurata
1250 3493 1444 3589 diligensque
1468 3496 1598 3571 sexuum
1614 3530 1775 3604 ,nm

242 3594 407 3667 dillindtio
431 3594 561 3687 languet
588 3616 623 3661 ac
648 3584 771 3685 friget.
807 3594 854 3662 Ac
888 3596 919 3661 in
945 3592 1116 3689 plantis&
1193 3598 1261 3660 ucis
1293 3590 1483 3667 animalibus
1515 3595 1716 3671 sexusn'onem

242 3686 443 3792 promiscuus
467 3692 527 3767 eli,
552 3712 609 3760 nec
632 3712 717 3760 cetto
741 3688 829 3761 hunc
863 3712 1006 3769 motem,
1039 3692 1123 3759 hane
1190 3694 1308 3761 minato
1327 3694 1473 3764 definias.
1499 3690 1747 3768 Seruslffs‘llt'o·

243 3812 353 3866 autem
380 3792 446 3863 hate
465 3784 606 3859 consufio
635 3814 699 3859 non
728 3794 774 3859 ita
799 3812 819 3859 a
854 3784 946 3861 nobis
978 3794 1038 3860 reci
1064 3789 1154 3859 lenda
1177 3787 1220 3859 cll
1244 3791 1326 3881 quin
1355 3792 1480 3886 aliquid
1513 3798 1596 3866 iimi-
1612 3773 1753 3905 repant.
1787 3873 1791 3878 J

243 3894 274 3965 le
307 3894 391 3962 mati
414 3886 575 3961 seminaeve
602 3887 722 3960 exsiliat
754 3886 767 3973 s
799 3893 862 3977 jam
887 3894 975 3960 enim
1007 3814 1067 3959 udi
1101 3906 1259 3984 receptum
1293 3886 1338 3957 eu
1371 3914 1408 3961 er
1431 3868 1637 4000 fmricibmss
1671 3850 1774 3924 ’''s‘ts-

244 3992 322 4065 alias
347 3992 487 4061 marium
513 3988 590 4059 aliar
618 3986 807 4059 seminarum
840 3993 994 4059 tationem
1019 3982 1170 4073 habete)
1203 3980 1253 4055 std
1276 3986 1329 4057 ille
1360 3991 1537 4085 congressus
1559 3998 1594 4060 δι
1612 4012 1643 4064 n
1666 4024 1727 4088 pn.
1764 3972 1777 3998 ⁶

244 4090 344 4161 coitio
369 4112 388 4158 a
413 4108 528 4159 natura
553 4107 625 4185 apte
649 4091 825 4179 excogitata
849 4084 889 4159 acl
913 4091 1034 4181 generis
1060 4088 1264 4187 propaginem
1287 4089 1323 4156 in
1346 4088 1499 4160 illistron
1520 4090 1599 4163 cele·
1609 4098 1756 4148 cremin-

244 4180 378 4259 bratur.
406 4186 529 4256 Etenim
554 4208 658 4281 quum
685 4188 756 4257 altis
780 4184 937 4260 radicibus
962 4186 1264 4279 humidcsigantur,
1288 4182 1424 4283 locoque
1447 4214 1512 4259 non
1526 4216 1596 4261 mo.
1610 4172 1717 4227 minis.
1739 4176 1771 4240 lt·

1637 3932 1763 3990 riauern

248 4306 404 4361 reantur,
430 4290 529 4355 immo
554 4282 676 4379 pabulo
699 4284 789 4381 quod
813 4292 848 4353 in
873 4304 1042 4356 numerato
1059 4284 1102 4355 est
1125 4280 1271 4355 intestino
1280 4304 1370 4356 terra:
1394 4289 1460 4358 linu
1486 4244 1772 4406 recen-mm

244 4388 352 4459 ditum
370 4379 603 4463 adhaeserim,
622 4378 707 4454 exse
733 4384 805 4482 ipsis
829 4388 1045 4481 progignunt,
1070 4404 1127 4454 nee
1151 4377 1269 4455 blando
1293 4382 1404 4457 adsui
1439 4410 1595 4487 propaga·
1608 4410 1771 4485 malibussc·

244 4490 367 4555 tionem
385 4484 550 4581 complexu
574 4478 774 4556 abutuntur.
798 4483 851 4552 Sic
873 4488 906 4555 in
931 4484 1049 4581 plantis
1062 4480 1320 4579 alioquibrutit,
1343 4482 1466 4581 quibus
1491 4489 1773 4567 tamcnxutpwmt‘s-

243 4580 408 4655 summurn
432 4580 508 4655 inest
532 4584 715 4655 desiderium
740 4578 828 4676 quod
852 4584 959 4677 aliqua
981 4577 1072 4653 nobit
1104 4584 1265 4676 incognita
1288 4585 1409 4656 tatione
1442 4587 1562 4657 leniunt
1586 4569 1741 4667 ,mms-

243 4685 386 4753 maris&
405 4674 517 4755 semine
542 4676 725 4779 promiscue
751 4677 825 4752 sunt
849 4688 949 4764 virete
971 4704 1046 4777 quae
1062 4686 1095 4754 in
1122 4680 1261 4780 peridis
1285 4680 1477 4755 animalibus
1499 4688 1598 4779 longo

243 4780 494 4875 distinguuntur
516 4782 698 4856 intervallo.
725 4780 803 4852 Non
827 4782 914 4853 enim
938 4777 1121 4881 plantatum
1144 4800 1236 4855 more
1258 4782 1409 4855 alimento
1433 4784 1520 4858 lixa,
1540 4784 1601 4851 ad·

244 4872 534 4974 herentiaqutsila
556 4902 612 4955 aut
637 4884 830 4960 nutritione,
851 4902 911 4955 aur
934 4886 1126 4963 auctione,
1148 4900 1209 4954 aut
1231 4886 1447 4980 procrertione
1468 4896 1602 4951 conten.

246 4996 281 5052 ta
305 4982 423 5054 vivont
444 5024 455 5057 ,
480 4970 530 5048 sed
553 4980 708 5054 diviniore
733 4976 1098 5079 modo'rmpelluntur,
1135 4980 1214 5053 alias
1245 4982 1286 5051 ad
1312 4974 1560 5075 cognoscendum
1586 5024 1599 5058 ,

247 5076 320 5154 ruat
345 5080 385 5151 ad
403 5074 602 5151 scotiendom
628 5100 688 5152 aut
714 5099 893 5173 utrumque
916 5104 985 5177 quo
1012 5082 1165 5156 nimirum
1189 5078 1376 5178 perstfiiora
1398 5072 1596 5153 muniaobe·

1128 5180 1161 5251 Α
1211 5198 1232 5252 a
1426 5194 1547 5259 antur·
