4434 6000
669 542 736 623 rm
877 527 1741 612 cunctantiatuoutn

600 675 746 725 natatur.
776 649 825 722 Sic
851 673 870 720 a
895 655 993 745 eapite
1018 671 1107 719 more
1132 647 1223 740 vulgi
1249 647 1310 719 hoc
1345 667 1482 741 repetere
1505 647 1677 721 ridiculum
1703 645 1775 717 esta
1800 641 1875 716 litet
1906 648 2014 739 origo

603 749 739 846 periollii
765 754 797 819 in
821 771 949 818 omnem
973 745 1088 818 ollium
1119 767 1308 842 compagem
1341 747 1445 818 diffusi
1480 748 1617 818 dueatur
1651 746 1910 816 anatomioorum
1941 749 2014 842 opi·

600 856 707 922 nione:
739 851 798 919 bac
823 854 944 918 ratione
968 846 1088 918 duetus
1112 848 1205 938 fingit
1240 846 1368 916 fluxum
1401 841 1531 942 superne
1556 839 1729 924 deorsum,
1755 847 1790 912 δι
1814 845 1911 936 quod
1944 869 2012 912 non

601 948 647 1018 ita
672 951 804 1019 fineerus
829 948 948 1017 humor
971 970 990 1016 a
1015 945 1092 1016 uatis
1116 944 1186 1022 lit,
1212 966 1267 1014 nee
1291 939 1371 1016 liber
1407 945 1450 1014 cll
1474 947 1576 1016 exitus
1610 935 1696 1014 stab
1729 945 1853 1012 interno
1874 945 2011 1014 *humor

600 1066 711 1142 repat,
735 1051 793 1140 qui
817 1039 887 1114 satis
911 1062 997 1140 patet
1022 1047 1145 1138 pituitae
1172 1038 1299 1137 seroque
1317 1049 1466 1140 ejusper
1492 1037 1644 1128 subjectas
1667 1045 1733 1112 cuti
1759 1059 1861 1136 parter
1888 1047 1927 1115 δι
1950 1066 2012 1112 ca·

471 1183 476 1190 ·
602 1169 656 1214 cos
680 1147 826 1221 dubius,
852 1145 978 1216 uidetur
1001 1141 1127 1234 aliquid
1152 1141 1271 1214 efficere
1295 1143 1440 1239 exemplo
1464 1143 1716 1238 hydropicorum
1743 1160 1890 1232 quorum
1919 1135 2010 1211 tibia

603 1245 708 1314 crudo
733 1239 824 1314 succo
857 1237 1004 1320 scatent,
1030 1241 1093 1310 sine
1117 1241 1229 1311 dolore
1255 1259 1386 1310 tamen.
1413 1244 1562 1312 Gorraeus
1597 1257 1689 1334 putat
1723 1238 1840 1310 Fernel.
1861 1242 1916 1310 uti
1944 1241 2008 1309 boc

602 1361 793 1433 argumento
817 1357 855 1409 ut
879 1333 993 1437 probet
1008 1340 1169 1408 Aethrita'n
1195 1363 1214 1410 a
1240 1343 1357 1436 pituita
1381 1363 1447 1408 non
1472 1343 1568 1414 oriri,
1594 1345 1628 1408 δι
1654 1339 1725 1406 ideo
1749 1340 1916 1409 rationum
1946 1339 2007 1410 ba·

598 1439 665 1511 itas
689 1445 723 1510 in
759 1439 878 1510 Fernel.
900 1456 1119 1530 contorquet,
1142 1433 1190 1507 led
1231 1461 1426 1535 perperam.
1453 1438 1522 1508 Nec
1547 1437 1580 1506 id
1615 1437 1688 1510 vult
1714 1435 1831 1506 Pernel.
1849 1457 2003 1518 contra,

602 1559 733 1609 omnem
757 1533 800 1608 ab
824 1532 888 1634 ipsa
914 1541 1091 1633 pituita&
1116 1531 1181 1606 sero
1207 1538 1367 1608 Artbritin
1393 1541 1539 1632 repetit.
1565 1536 1623 1606 Sed
1649 1535 1711 1604 boc
1744 1533 1820 1606 usus
1853 1540 2002 1635 exemplo

602 1632 691 1707 suam
716 1641 899 1733 opinionem
923 1654 1053 1712 tuetur,
1078 1638 1194 1730 partim
1219 1656 1256 1707 ut
1280 1638 1389 1708 doceat
1415 1639 1563 1732 pituitam
1589 1640 1730 1729 acapite
1755 1629 1919 1708 labentem
1944 1639 1999 1708 ba·

602 1730 675 1806 bere
699 1738 784 1828 quid
809 1735 978 1832 proprium
1011 1739 1045 1803 δι
1069 1728 1197 1808 mabit
1219 1735 1262 1805 ad
1299 1735 1496 1806 Arebritidos
1529 1738 1797 1826 generationem,
1821 1729 1876 1806 l'eu
1904 1755 1999 1808 matt·

494 1898 496 1901 .
604 1838 681 1904 ciem
709 1831 856 1931 speeies(
874 1838 1048 1904 nonenim
1073 1838 1195 1926 quaevis
1219 1834 1280 1904 alia
1306 1839 1422 1930 pituita
1447 1835 1478 1903 id
1503 1831 1578 1904 facit
1599 1837 1611 1919 )
1635 1833 1698 1906 live
1721 1837 1995 1928 opportunitatem

521 1988 523 1993 .
604 1931 726 2004 fluendi
749 1928 809 2003 sub
832 1953 904 2002 cute
928 1937 1026 2004 totius
1049 1936 1190 2028 eorporis
1211 1982 1219 2000 .
1243 1933 1278 2004 Si
1311 1937 1395 2003 enim
1421 1929 1530 2002 succus
1563 1931 1682 2004 crudus
1713 1932 1842 2007 aliunde
1869 1957 1995 2004 manant

603 2053 703 2124 quam
727 2054 747 2100 a
771 2034 873 2128 capite
899 2033 1060 2102 Artlrritin
1084 2031 1325 2110 committeret,
1349 2031 1515 2127 hydropici
1548 2033 1658 2102 fierent
1694 2030 1862 2102 Arebritici
1894 2057 1993 2127 quum

601 2125 750 2228 suppetat
775 2133 947 2202 materies·
973 2134 1015 2200 Et
1038 2151 1119 2198 num
1146 2129 1267 2200 humor
1302 2131 1328 2196 is
1353 2153 1407 2226 per
1443 2125 1537 2201 tibias
1572 2122 1695 2225 sparsus
1721 2130 1744 2198 sr
1769 2133 1802 2198 in
1827 2135 1994 2202 animalum

601 2229 688 2300 fluat
712 2231 871 2300 Aethritin
896 2225 1019 2300 faciet.
1041 2225 1076 2296 Si
1101 2227 1187 2298 idem
1213 2229 1333 2300 humor
1358 2234 1393 2300 dt
1417 2246 1561 2308 natura,
1588 2233 1624 2300 dc
1648 2223 1844 2300 consistentia
1870 2255 1890 2302 a
1913 2254 1993 2302 oere-

602 2320 665 2396 bro
688 2346 828 2400 manaret
850 2335 884 2400 in
909 2329 1079 2400 articulum
1104 2321 1236 2423 illapsus
1266 2325 1380 2398 audior
1403 2349 1442 2396 ne
1466 2324 1546 2402 foret
1572 2326 1785 2399 Arthritidisi
1811 2329 1833 2398 st
1860 2354 1921 2400 non
1944 2328 1992 2400 fa-

602 2431 668 2503 cit,
694 2449 735 2495 an
785 2433 839 2498 uia
864 2450 919 2524 per
943 2429 1246 2501 venustandam
1271 2428 1368 2496 iiuitt
1397 2429 1441 2496 At
1467 2424 1586 2496 Fernel.
1613 2425 1688 2496 alias
1709 2428 1774 2496 vias
1798 2451 1894 2522 quam
1919 2425 1991 2500 vasa

603 2453 852 2596 comminidcieur
877 2527 959 2594 ..in
982 2528 1061 2618 quia
1084 2547 1102 2592 a
1128 2519 1256 2594 cerebro
1287 2527 1406 2594 humor
1440 2547 1505 2594 nou
1539 2523 1612 2602 eli,
1637 2525 1708 2596 ideo
1740 2551 1805 2596 non
1830 2527 1877 2598 eli
1899 2548 1992 2625 aptus

430 2621 584 2701 &ap-311&
607 2621 801 2694 Aethritidit
827 2627 868 2693 Et
890 2627 968 2718 quia
993 2623 1126 2692 sincerus
1152 2646 1216 2692 non
1242 2620 1333 2721 potiit
1357 2623 1485 2694 aliunde
1511 2645 1658 2696 manate.
1684 2622 1769 2694 idem
1793 2624 1938 2719 inquens
1958 2627 1993 2694 de

432 2705 564 2773 ⁷·¹'⁴''’⁰·
606 2716 790 2792 tumoribus
813 2725 881 2797 ait,
906 2741 1014 2792 tumor
1037 2719 1081 2792 est
1105 2721 1248 2795 indolens
1272 2726 1303 2792 ni
1329 2743 1435 2815 quum
1461 2717 1662 2794 membranas
1681 2724 1711 2794 vi
1735 2722 1860 2798 divellit
1888 2729 1926 2796 δι
1949 2727 1990 2793 di

605 2819 737 2892 stendit.
759 2822 809 2891 Sic
834 2822 919 2890 idem
944 2822 1062 2889 humor
1086 2837 1249 2891 tumorem
1272 2817 1346 2892 lacit
1370 2821 1527 2892 dolentem
1547 2826 1582 2894 δι
1607 2821 1816 2892 indolentem·
1842 2827 1888 2898 Et
1897 2847 1989 2898 vero,

543 2969 546 2975 ,
606 2942 665 2989 cur
689 2919 807 2988 humor
831 2943 851 2990 a
873 2941 1006 3015 corpote
1030 2924 1156 2988 interno
1180 2921 1392 3013 cacochymo,
1415 2943 1435 2992 a
1459 2943 1529 2992 rene
1554 2921 1757 3017 purulento,
1782 2921 1936 3019 pulmone
1961 2927 1989 2991 in

471 3038 476 3049 ·
605 3020 756 3089 articulos
779 3023 811 3091 vi
836 3038 958 3089 natura
981 3012 1161 3115 impulsus,
1186 3010 1269 3091 idem
1295 3042 1361 3089 non
1387 3024 1489 3119 pariat
1514 3020 1603 3114 quod
1632 3024 1665 3088 δι
1693 3022 1812 3092 humor
1835 3024 1951 3093 crudus
1972 3046 1989 3089 a

608 3122 710 3214 capite
732 3120 908 3189 deerrante
933 3119 1034 3211 Qafi
1057 3140 1126 3189 eam
1153 3123 1375 3217 proprietatem
1409 3124 1444 3191 δι
1471 3111 1710 3200 ilwavmuw‘w
1736 3144 1805 3213 qua
1840 3124 1991 3191 rlrthritin

607 3220 711 3311 pariat
735 3212 777 3285 ab
803 3241 870 3287 uno
892 3215 1020 3285 cerebro
1043 3211 1209 3287 metiatur?
1235 3218 1277 3289 Et
1300 3218 1436 3289 iincerus
1462 3220 1581 3289 humor
1607 3243 1671 3289 non
1697 3220 1828 3291 aliunde
1852 3221 1987 3291 defluat?

607 3316 710 3385 Nune
734 3314 774 3383 de
797 3316 928 3383 iincero.
957 3312 1136 3385 Mulierum
1159 3314 1206 3392 lit
1232 3317 1339 3389 viridis
1362 3339 1382 3387 a
1406 3316 1606 3403 unceroest(
1629 3314 1741 3397 dativi
1763 3326 1848 3391 enim
1875 3325 1986 3416 impet-

608 3415 743 3484 mixtum
769 3414 919 3500 figrnficat
942 3437 1048 3507 quum
1072 3414 1177 3485 nudus
1201 3416 1393 3513 fimplexque
1419 3418 1537 3491 humor
1561 3425 1713 3515 apparet)
1739 3442 1781 3490 an
1796 3420 1874 3489 -ideo
1898 3442 1917 3487 a
1942 3440 1991 3487 ce·

607 3506 737 3581 rebro?
763 3510 1010 3607 Nequaquam:
1037 3535 1058 3583 a
1082 3530 1190 3586 ventre
1213 3520 1297 3587 enim
1323 3513 1399 3613 saepe
1422 3518 1495 3590 est.
1522 3521 1641 3609 Quum
1664 3522 1737 3613 quit
1761 3518 1990 3613 gonorrboeam

606 3613 764 3682 contraxit
789 3614 871 3683 initu
895 3614 1014 3709 impuri
1038 3605 1157 3691 scorti,
1183 3615 1341 3711 malignus
1374 3618 1410 3687 aa
1443 3619 1577 3689 sincerus
1608 3619 1727 3689 humor
1762 3618 1868 3691 fluit,
1895 3620 1931 3685 δι
1955 3608 1993 3685 ab

607 3716 735 3780 interno
757 3708 819 3781 eit.
841 3712 983 3812 Siucequs
1006 3728 1086 3801 ergo
1110 3712 1237 3783 aliunde
1260 3738 1361 3811 quam
1385 3738 1405 3787 a
1429 3720 1545 3812 capite.
1581 3718 1729 3811 Virgines
1751 3712 1918 3787 defoedarae
1946 3708 1994 3781 s·

607 3831 679 3885 ras,
704 3811 854 3881 articulos
877 3810 1015 3887 dolent,
1041 3833 1084 3881 aa
1109 3812 1141 3881 id
1166 3836 1185 3883 a
1210 3826 1339 3911 capite?
1364 3815 1387 3881 sr
1412 3814 1532 3889 humor
1558 3818 1583 3884 is
1608 3818 1642 3886 in
1669 3810 1871 3885 inanitatibus
1898 3808 1998 3883 tibia·

605 3934 680 3981 rum
705 3911 848 3979 dolorem
872 3912 953 3981 ciens
977 3910 1129 3980 articulos
1153 3904 1294 3991 subiret,
1317 3932 1416 4007 quam
1441 3918 1612 3987 immanem
1641 3915 1797 3987 Arebritin
1822 3914 2000 3983 excitaret?

605 4011 728 4079 leterici
752 4006 822 4103 poll
844 4008 967 4078 dolores
990 4010 1105 4079 colicos
1130 4006 1232 4081 refuso
1263 4016 1296 4083 iu
1331 4007 1423 4085 tibiae
1457 4009 1523 4085 sero
1556 4013 1683 4085 doloret
1713 4012 1776 4083 illic
1810 4005 1909 4085 sevos
1936 4006 2003 4080 seu·

606 4115 722 4177 tiunt.
748 4109 789 4175 Et
815 4124 921 4176 tamen
953 4128 974 4177 a
1008 4126 1143 4187 ventre,
1169 4110 1243 4179 idest
1270 4156 1281 4186 ,
1304 4135 1324 4184 a
1348 4106 1433 4182 febre
1456 4132 1616 4206 quartana
1649 4106 1816 4183 tibiarum
1849 4109 2006 4181 articulo·

606 4226 746 4294 rumque
769 4204 894 4275 dolores
919 4225 1091 4277 moventur
1115 4211 1217 4277 tenuis
1242 4203 1296 4279 seri
1321 4210 1504 4290 diffusione,
1529 4211 1621 4307 quod
1631 4212 1757 4285 divellit
1782 4202 2003 4280 membranas:

607 4325 659 4373 an·
674 4304 706 4372 id
730 4325 750 4373 a
773 4306 901 4399 capitea
927 4306 1059 4376 Humor
1082 4308 1331 4379 melancholicus
1355 4315 1471 4382 varices
1493 4307 1634 4391 faciens,
1659 4317 1694 4380 in
1729 4312 1831 4405 capite
1864 4304 2005 4377 defluvi-

607 4425 665 4473 um
688 4401 878 4498 capillorum
903 4404 1019 4479 affert,
1045 4409 1205 4498 numquid
1230 4412 1264 4479 &
1289 4402 1401 4481 savam
1429 4410 1588 4481 Arebritin
1614 4416 1715 4507 pariet
1736 4422 1747 4477 t
1772 4409 1831 4479 Sed
1857 4428 1917 4476 cur
1944 4406 2002 4496 hy·

430 4538 498 4601 Gap
508 4540 548 4599 „p
606 4501 741 4597 dropicie
764 4500 861 4569 dolor
885 4525 950 4570 non
974 4500 1075 4572 adella
1102 4504 1233 4575 Multus
1266 4504 1311 4574 est
1335 4506 1475 4587 humor,
1502 4508 1670 4588 distendit,
1695 4506 1842 4577 distentio
1867 4512 2003 4575 matume

429 4614 592 4695 apamea
606 4600 747 4670 dolorem
773 4595 846 4667 lacit
871 4602 903 4668 in
929 4600 1126 4681 arthritide,
1153 4606 1184 4673 in
1212 4626 1279 4697 qua
1305 4622 1411 4675 tamen
1436 4630 1557 4704 paucus
1582 4604 1659 4704 sepe
1684 4608 1804 4680 humor
1828 4603 2002 4675 distendens

429 4708 459 4755 ⁶·
547 4784 553 4794 Ι
605 4694 759 4771 acerbum
784 4698 923 4767 dolorem
952 4702 1030 4770 ciet.
1052 4699 1152 4769 Hunc
1177 4704 1300 4773 nodum
1325 4698 1417 4774 solvit
1444 4708 1654 4805 Hippocrates
1676 4756 1686 4775 .
1711 4710 1744 4777 si
1771 4706 1918 4775 modicus
1944 4702 2004 4771 liu·

427 4778 571 4843 ”dm
605 4821 663 4869 xus
687 4801 748 4882 fit(
774 4790 913 4893 respeeiu
941 4800 1050 4890 magni
1077 4796 1187 4874 fluxus
1211 4810 1270 4894 qui
1297 4805 1330 4871 iu
1355 4802 1501 4899 hydrope
1536 4808 1604 4886 fit,
1630 4807 1715 4877 unde
1740 4828 1814 4903 pars
1839 4820 1949 4875 tumet
1969 4824 2005 4873 at

426 4855 549 4973 ΜΨ·
604 4898 777 4988 detumet)
801 4898 1008 4967 coxendicum
1034 4900 1305 4971 &articulorum
1337 4900 1481 4977 dolorem
1507 4924 1613 4997 quum
1641 4904 1740 4977 fluere
1759 4905 1869 4983 desiit,
1894 4900 1971 4975 facit
1998 4952 2005 4967 ·

571 5000 575 5007 ’
604 4997 693 5069 Nam
719 5015 757 5066 ut
783 4996 956 5075 modicus,
981 5002 1015 5067 dt
1038 4997 1183 5094 nardique
1207 5022 1227 5069 a
1252 4992 1399 5100 partibus
1424 4995 1568 5075 fortibus,
1584 5000 1762 5103 depulsus,
1785 5006 1827 5076 ad
1853 5000 2009 5171 απξιυίοε

1729 5134 1730 5138 ,
1871 5124 1902 5175 tt
1949 5140 1964 5155 ,
