<?xml version="1.0" encoding="UTF-8"?>
<!DOCTYPE html PUBLIC "-//W3C//DTD XHTML 1.0 Transitional//EN"
    "http://www.w3.org/TR/xhtml1/DTD/xhtml1-transitional.dtd">
<html xmlns="http://www.w3.org/1999/xhtml" xml:lang="en" lang="en">
 <head>
  <title>
</title>
<meta http-equiv="Content-Type" content="text/html;charset=utf-8" />
  <meta name='ocr-system' content='tesseract 3.04.00' />
  <meta name='ocr-capabilities' content='ocr_page ocr_carea ocr_par ocr_line ocrx_word'/>
</head>
<body>
  <div class='ocr_page' id='page_1' title='image "./operaomniamedic01thgoog_0225.png"; bbox 0 0 4434 6000; ppageno 0'>
   <div class='ocr_carea' id='block_1_1' title="bbox 599 587 1528 684">
    <p class='ocr_par' dir='ltr' id='par_1_1' title="bbox 599 587 1528 684">
     <span class='ocr_line' id='line_1_1' title="bbox 599 587 1528 684; baseline -0.001 -23"><span class='ocrx_word' id='word_1_1' title='bbox 599 589 766 661; x_wconf 74' lang='lat' dir='ltr'>uinta</span> <span class='ocrx_word' id='word_1_2' title='bbox 793 592 865 661; x_wconf 78' lang='lat' dir='ltr'>os</span> <span class='ocrx_word' id='word_1_3' title='bbox 890 587 1201 660; x_wconf 70' lang='lat' dir='ltr'>cercuro.</span> <span class='ocrx_word' id='word_1_4' title='bbox 1460 613 1528 684; x_wconf 59' lang='grc' dir='ltr'>ιο,</span> 
     </span>
    </p>
   </div>
   <div class='ocr_carea' id='block_1_2' title="bbox 191 708 1752 5035">
    <p class='ocr_par' dir='ltr' id='par_1_2' title="bbox 191 708 1752 5035">
     <span class='ocr_line' id='line_1_2' title="bbox 214 708 1582 819; baseline 0.01 -40"><span class='ocrx_word' id='word_1_5' title='bbox 214 708 270 780; x_wconf 90' lang='lat' dir='ltr'>bus</span> <span class='ocrx_word' id='word_1_6' title='bbox 296 714 385 786; x_wconf 79' lang='lat' dir='ltr'>fleret</span> <span class='ocrx_word' id='word_1_7' title='bbox 405 740 415 784; x_wconf 76' lang='lat' dir='ltr'>r</span> <span class='ocrx_word' id='word_1_8' title='bbox 439 720 545 788; x_wconf 87' lang='lat' dir='ltr'>immo</span> <span class='ocrx_word' id='word_1_9' title='bbox 581 724 716 815; x_wconf 74' lang='lat' dir='ltr'>magis,</span> <span class='ocrx_word' id='word_1_10' title='bbox 765 729 818 795; x_wconf 84' lang='lat' dir='ltr'>uia</span> <span class='ocrx_word' id='word_1_11' title='bbox 850 723 957 794; x_wconf 88' lang='lat' dir='ltr'>multo</span> <span class='ocrx_word' id='word_1_12' title='bbox 988 719 1157 798; x_wconf 72' lang='lat' dir='ltr'>aboridant</span> <span class='ocrx_word' id='word_1_13' title='bbox 1192 724 1295 794; x_wconf 85' lang='lat' dir='ltr'>calore</span> <span class='ocrx_word' id='word_1_14' title='bbox 1315 770 1326 803; x_wconf 86' lang='lat'><em>,</em></span> <span class='ocrx_word' id='word_1_15' title='bbox 1350 747 1450 819; x_wconf 86' lang='lat' dir='ltr'>coque</span> <span class='ocrx_word' id='word_1_16' title='bbox 1486 725 1582 794; x_wconf 90' lang='lat' dir='ltr'>acri.</span> 
     </span>
     <span class='ocr_line' id='line_1_3' title="bbox 215 813 1582 920; baseline 0.007 -43"><span class='ocrx_word' id='word_1_17' title='bbox 215 814 241 878; x_wconf 81' lang='lat' dir='ltr'>lt</span> <span class='ocrx_word' id='word_1_18' title='bbox 261 831 365 882; x_wconf 88' lang='lat' dir='ltr'>autem</span> <span class='ocrx_word' id='word_1_19' title='bbox 389 813 588 890; x_wconf 83' lang='lat' dir='ltr'>calculorum</span> <span class='ocrx_word' id='word_1_20' title='bbox 619 821 711 892; x_wconf 69' lang='lat' dir='ltr'>effe&amp;</span> <span class='ocrx_word' id='word_1_21' title='bbox 780 821 852 893; x_wconf 89' lang='lat' dir='ltr'>eil.</span> <span class='ocrx_word' id='word_1_22' title='bbox 877 823 919 891; x_wconf 75' lang='lat' dir='ltr'>lit</span> <span class='ocrx_word' id='word_1_23' title='bbox 950 825 1040 915; x_wconf 90' lang='lat' dir='ltr'>quod</span> <span class='ocrx_word' id='word_1_24' title='bbox 1064 831 1100 893; x_wconf 88' lang='lat' dir='ltr'>ln</span> <span class='ocrx_word' id='word_1_25' title='bbox 1132 818 1316 920; x_wconf 82' lang='lat' dir='ltr'>aphorismis</span> <span class='ocrx_word' id='word_1_26' title='bbox 1349 829 1441 920; x_wconf 88' lang='lat' dir='ltr'>pueri</span> <span class='ocrx_word' id='word_1_27' title='bbox 1465 813 1582 894; x_wconf 88' lang='lat' dir='ltr'>calidis·</span> 
     </span>
     <span class='ocr_line' id='line_1_4' title="bbox 213 903 1694 1015; baseline 0.008 -39"><span class='ocrx_word' id='word_1_28' title='bbox 213 911 273 978; x_wconf 81' lang='lat' dir='ltr'>simi</span> <span class='ocrx_word' id='word_1_29' title='bbox 294 911 476 994; x_wconf 85' lang='lat' dir='ltr'>dicuntur,</span> <span class='ocrx_word' id='word_1_30' title='bbox 499 918 533 985; x_wconf 90' lang='lat' dir='ltr'>id</span> <span class='ocrx_word' id='word_1_31' title='bbox 558 922 682 989; x_wconf 82' lang='lat' dir='ltr'>nonnisi</span> <span class='ocrx_word' id='word_1_32' title='bbox 705 941 780 990; x_wconf 92' lang='lat' dir='ltr'>cum</span> <span class='ocrx_word' id='word_1_33' title='bbox 805 917 1005 991; x_wconf 63' lang='lat' dir='ltr'>dillinfiione</span> <span class='ocrx_word' id='word_1_34' title='bbox 1038 921 1264 994; x_wconf 90' lang='lat' dir='ltr'>audiendum.</span> <span class='ocrx_word' id='word_1_35' title='bbox 1290 925 1377 1015; x_wconf 83' lang='lat' dir='ltr'>Qrae</span> <span class='ocrx_word' id='word_1_36' title='bbox 1401 945 1503 1014; x_wconf 89' lang='lat' dir='ltr'>quum</span> <span class='ocrx_word' id='word_1_37' title='bbox 1528 921 1585 988; x_wconf 79' lang='lat' dir='ltr'>rri-</span> <span class='ocrx_word' id='word_1_38' title='bbox 1596 903 1655 969; x_wconf 62' lang='lat' dir='ltr'>W·</span> <span class='ocrx_word' id='word_1_39' title='bbox 1669 922 1694 969; x_wconf 85' lang='lat'>¹·</span> 
     </span>
     <span class='ocr_line' id='line_1_5' title="bbox 213 1008 1584 1112; baseline 0.009 -36"><span class='ocrx_word' id='word_1_40' title='bbox 213 1024 243 1076; x_wconf 90' lang='lat' dir='ltr'>ta</span> <span class='ocrx_word' id='word_1_41' title='bbox 274 1009 336 1086; x_wconf 80' lang='lat' dir='ltr'>iit,</span> <span class='ocrx_word' id='word_1_42' title='bbox 360 1015 470 1084; x_wconf 90' lang='lat' dir='ltr'>omitti</span> <span class='ocrx_word' id='word_1_43' title='bbox 504 1008 624 1086; x_wconf 87' lang='lat' dir='ltr'>deber.</span> <span class='ocrx_word' id='word_1_44' title='bbox 647 1022 861 1112; x_wconf 74' lang='lat' dir='ltr'>Qamquam</span> <span class='ocrx_word' id='word_1_45' title='bbox 891 1012 1034 1090; x_wconf 88' lang='lat' dir='ltr'>absolute</span> <span class='ocrx_word' id='word_1_46' title='bbox 1061 1016 1190 1100; x_wconf 59' lang='lat' dir='ltr'>*burrei</span> <span class='ocrx_word' id='word_1_47' title='bbox 1213 1020 1365 1090; x_wconf 90' lang='lat' dir='ltr'>dicuntur</span> <span class='ocrx_word' id='word_1_48' title='bbox 1396 1020 1498 1089; x_wconf 90' lang='lat' dir='ltr'>calore</span> <span class='ocrx_word' id='word_1_49' title='bbox 1518 1020 1584 1090; x_wconf 86' lang='lat' dir='ltr'>acri</span> 
     </span>
     <span class='ocr_line' id='line_1_6' title="bbox 209 1101 1583 1210; baseline 0.009 -37"><span class='ocrx_word' id='word_1_50' title='bbox 209 1101 421 1180; x_wconf 85' lang='lat' dir='ltr'>abundantes.</span> <span class='ocrx_word' id='word_1_51' title='bbox 446 1114 589 1184; x_wconf 82' lang='lat' dir='ltr'>Secunda</span> <span class='ocrx_word' id='word_1_52' title='bbox 612 1120 695 1186; x_wconf 86' lang='lat' dir='ltr'>racio</span> <span class='ocrx_word' id='word_1_53' title='bbox 715 1115 779 1196; x_wconf 86' lang='lat' dir='ltr'>eil,</span> <span class='ocrx_word' id='word_1_54' title='bbox 804 1119 884 1186; x_wconf 77' lang='lat' dir='ltr'>liin</span> <span class='ocrx_word' id='word_1_55' title='bbox 910 1122 1000 1210; x_wconf 90' lang='lat' dir='ltr'>puris</span> <span class='ocrx_word' id='word_1_56' title='bbox 1024 1118 1128 1188; x_wconf 87' lang='lat' dir='ltr'>multa</span> <span class='ocrx_word' id='word_1_57' title='bbox 1152 1119 1290 1188; x_wconf 81' lang='lat' dir='ltr'>eruditas</span> <span class='ocrx_word' id='word_1_58' title='bbox 1312 1116 1356 1188; x_wconf 87' lang='lat' dir='ltr'>est</span> <span class='ocrx_word' id='word_1_59' title='bbox 1379 1117 1494 1188; x_wconf 88' lang='lat' dir='ltr'>calculi</span> <span class='ocrx_word' id='word_1_60' title='bbox 1524 1138 1583 1186; x_wconf 88' lang='lat' dir='ltr'>ao·</span> 
     </span>
     <span class='ocr_line' id='line_1_7' title="bbox 210 1204 1583 1308; baseline 0.012 -35"><span class='ocrx_word' id='word_1_61' title='bbox 210 1204 290 1284; x_wconf 71' lang='lat' dir='ltr'>bor,</span> <span class='ocrx_word' id='word_1_62' title='bbox 313 1232 380 1278; x_wconf 89' lang='lat' dir='ltr'>non</span> <span class='ocrx_word' id='word_1_63' title='bbox 405 1207 450 1278; x_wconf 83' lang='lat' dir='ltr'>eii</span> <span class='ocrx_word' id='word_1_64' title='bbox 472 1207 620 1282; x_wconf 78' lang='lat' dir='ltr'>credibile</span> <span class='ocrx_word' id='word_1_65' title='bbox 644 1215 784 1286; x_wconf 86' lang='lat' dir='ltr'>multum</span> <span class='ocrx_word' id='word_1_66' title='bbox 809 1213 865 1284; x_wconf 84' lang='lat' dir='ltr'>elie</span> <span class='ocrx_word' id='word_1_67' title='bbox 898 1216 993 1284; x_wconf 85' lang='lat' dir='ltr'>iniis</span> <span class='ocrx_word' id='word_1_68' title='bbox 1023 1216 1134 1286; x_wconf 83' lang='lat' dir='ltr'>caloris</span> <span class='ocrx_word' id='word_1_69' title='bbox 1157 1253 1166 1284; x_wconf 64' lang='lat' dir='ltr'>c</span> <span class='ocrx_word' id='word_1_70' title='bbox 1192 1213 1339 1308; x_wconf 76' lang='lat' dir='ltr'>Pugnant</span> <span class='ocrx_word' id='word_1_71' title='bbox 1362 1221 1448 1286; x_wconf 86' lang='lat' dir='ltr'>enim</span> <span class='ocrx_word' id='word_1_72' title='bbox 1482 1215 1547 1284; x_wconf 80' lang='lat' dir='ltr'>hec</span> <span class='ocrx_word' id='word_1_73' title='bbox 1572 1257 1583 1290; x_wconf 69' lang='grc' dir='ltr'><strong><em>ι</em></strong></span> 
     </span>
     <span class='ocr_line' id='line_1_8' title="bbox 209 1303 1583 1411; baseline 0.004 -35"><span class='ocrx_word' id='word_1_74' title='bbox 209 1304 336 1376; x_wconf 84' lang='lat' dir='ltr'>calorem</span> <span class='ocrx_word' id='word_1_75' title='bbox 360 1303 561 1386; x_wconf 82' lang='lat' dir='ltr'>abundare,</span> <span class='ocrx_word' id='word_1_76' title='bbox 584 1317 619 1382; x_wconf 75' lang='lat' dir='ltr'>de</span> <span class='ocrx_word' id='word_1_77' title='bbox 643 1316 788 1382; x_wconf 89' lang='lat' dir='ltr'>multum</span> <span class='ocrx_word' id='word_1_78' title='bbox 812 1308 896 1383; x_wconf 89' lang='lat' dir='ltr'>succi</span> <span class='ocrx_word' id='word_1_79' title='bbox 928 1313 1018 1384; x_wconf 91' lang='lat' dir='ltr'>crudi</span> <span class='ocrx_word' id='word_1_80' title='bbox 1053 1309 1273 1411; x_wconf 84' lang='lat' dir='ltr'>superfluere.</span> <span class='ocrx_word' id='word_1_81' title='bbox 1299 1313 1362 1382; x_wconf 86' lang='lat' dir='ltr'>Sed</span> <span class='ocrx_word' id='word_1_82' title='bbox 1386 1313 1447 1380; x_wconf 88' lang='lat' dir='ltr'>hoc</span> <span class='ocrx_word' id='word_1_83' title='bbox 1473 1335 1583 1384; x_wconf 89' lang='lat' dir='ltr'>verum</span> 
     </span>
     <span class='ocr_line' id='line_1_9' title="bbox 208 1406 1583 1506; baseline 0 -32"><span class='ocrx_word' id='word_1_84' title='bbox 208 1423 240 1468; x_wconf 74' lang='lat' dir='ltr'>cx</span> <span class='ocrx_word' id='word_1_85' title='bbox 262 1423 350 1499; x_wconf 83' lang='lat' dir='ltr'>purte</span> <span class='ocrx_word' id='word_1_86' title='bbox 375 1406 509 1476; x_wconf 83' lang='lat' dir='ltr'>calorise</span> <span class='ocrx_word' id='word_1_87' title='bbox 532 1413 653 1506; x_wconf 92' lang='lat' dir='ltr'>quippe</span> <span class='ocrx_word' id='word_1_88' title='bbox 676 1413 699 1479; x_wconf 83' lang='lat' dir='ltr'>st</span> <span class='ocrx_word' id='word_1_89' title='bbox 722 1410 826 1481; x_wconf 89' lang='lat' dir='ltr'>multa</span> <span class='ocrx_word' id='word_1_90' title='bbox 850 1409 1033 1503; x_wconf 77' lang='lat' dir='ltr'>ingluvies,</span> <span class='ocrx_word' id='word_1_91' title='bbox 1058 1415 1111 1484; x_wconf 82' lang='lat' dir='ltr'>rix</span> <span class='ocrx_word' id='word_1_92' title='bbox 1136 1409 1224 1483; x_wconf 89' lang='lat' dir='ltr'>calor</span> <span class='ocrx_word' id='word_1_93' title='bbox 1249 1410 1448 1480; x_wconf 84' lang='lat' dir='ltr'>mirificando</span> <span class='ocrx_word' id='word_1_94' title='bbox 1472 1431 1507 1478; x_wconf 91' lang='lat' dir='ltr'>ac</span> <span class='ocrx_word' id='word_1_95' title='bbox 1530 1431 1583 1476; x_wconf 74' lang='lat' dir='ltr'>co·</span> 
     </span>
     <span class='ocr_line' id='line_1_10' title="bbox 208 1503 1582 1602; baseline 0.004 -34"><span class='ocrx_word' id='word_1_96' title='bbox 208 1503 330 1591; x_wconf 89' lang='lat' dir='ltr'>quendo</span> <span class='ocrx_word' id='word_1_97' title='bbox 361 1511 497 1574; x_wconf 91' lang='lat' dir='ltr'>omnino</span> <span class='ocrx_word' id='word_1_98' title='bbox 528 1505 573 1576; x_wconf 85' lang='lat' dir='ltr'>cll</span> <span class='ocrx_word' id='word_1_99' title='bbox 593 1551 604 1574; x_wconf 87' lang='grc'><strong>.</strong></span> <span class='ocrx_word' id='word_1_100' title='bbox 627 1509 677 1578; x_wconf 88' lang='lat' dir='ltr'>Sic</span> <span class='ocrx_word' id='word_1_101' title='bbox 710 1511 860 1580; x_wconf 88' lang='lat' dir='ltr'>nimirum</span> <span class='ocrx_word' id='word_1_102' title='bbox 893 1509 997 1580; x_wconf 88' lang='lat' dir='ltr'>hieme</span> <span class='ocrx_word' id='word_1_103' title='bbox 1028 1511 1173 1582; x_wconf 87' lang='lat' dir='ltr'>multum</span> <span class='ocrx_word' id='word_1_104' title='bbox 1204 1505 1248 1578; x_wconf 87' lang='lat' dir='ltr'>eil</span> <span class='ocrx_word' id='word_1_105' title='bbox 1283 1503 1467 1586; x_wconf 85' lang='lat' dir='ltr'>sedimenti,</span> <span class='ocrx_word' id='word_1_106' title='bbox 1492 1505 1582 1602; x_wconf 92' lang='lat' dir='ltr'>quod</span> 
     </span>
     <span class='ocr_line' id='line_1_11' title="bbox 205 1595 1722 1699; baseline 0.006 -34"><span class='ocrx_word' id='word_1_107' title='bbox 205 1595 242 1666; x_wconf 84' lang='lat' dir='ltr'>rii</span> <span class='ocrx_word' id='word_1_108' title='bbox 265 1601 426 1672; x_wconf 80' lang='lat' dir='ltr'>residuum</span> <span class='ocrx_word' id='word_1_109' title='bbox 448 1603 588 1674; x_wconf 77' lang='lat' dir='ltr'>alimenti</span> <span class='ocrx_word' id='word_1_110' title='bbox 609 1605 782 1679; x_wconf 78' lang='lat' dir='ltr'>eoblionem</span> <span class='ocrx_word' id='word_1_111' title='bbox 806 1609 1022 1699; x_wconf 68' lang='lat' dir='ltr'>effugientur</span> <span class='ocrx_word' id='word_1_112' title='bbox 1047 1613 1082 1679; x_wconf 77' lang='grc' dir='ltr'>δι</span> <span class='ocrx_word' id='word_1_113' title='bbox 1106 1627 1212 1678; x_wconf 85' lang='lat' dir='ltr'>tumen</span> <span class='ocrx_word' id='word_1_114' title='bbox 1236 1605 1349 1677; x_wconf 88' lang='lat' dir='ltr'>caloris</span> <span class='ocrx_word' id='word_1_115' title='bbox 1373 1599 1502 1676; x_wconf 83' lang='lat' dir='ltr'>ubertas</span> <span class='ocrx_word' id='word_1_116' title='bbox 1525 1603 1582 1676; x_wconf 88' lang='lat' dir='ltr'>ad·</span> <span class='ocrx_word' id='word_1_117' title='bbox 1597 1604 1722 1698; x_wconf 61' lang='lat' dir='ltr'>comat</span> 
     </span>
     <span class='ocr_line' id='line_1_12' title="bbox 205 1681 1725 1822; baseline 0.005 -58"><span class='ocrx_word' id='word_1_118' title='bbox 205 1695 270 1804; x_wconf 84' lang='lat' dir='ltr'>rii.</span> <span class='ocrx_word' id='word_1_119' title='bbox 296 1701 359 1769; x_wconf 80' lang='lat' dir='ltr'>Sed</span> <span class='ocrx_word' id='word_1_120' title='bbox 386 1695 594 1772; x_wconf 76' lang='lat' dir='ltr'>lacunarum</span> <span class='ocrx_word' id='word_1_121' title='bbox 619 1699 678 1774; x_wconf 89' lang='lat' dir='ltr'>suo</span> <span class='ocrx_word' id='word_1_122' title='bbox 701 1699 812 1776; x_wconf 65' lang='lat' dir='ltr'>funesta</span> <span class='ocrx_word' id='word_1_123' title='bbox 837 1707 964 1778; x_wconf 87' lang='lat' dir='ltr'>ridetur</span> <span class='ocrx_word' id='word_1_124' title='bbox 988 1701 1114 1782; x_wconf 87' lang='lat' dir='ltr'>officio,</span> <span class='ocrx_word' id='word_1_125' title='bbox 1138 1705 1162 1774; x_wconf 88' lang='lat' dir='ltr'>li</span> <span class='ocrx_word' id='word_1_126' title='bbox 1187 1705 1286 1774; x_wconf 89' lang='lat' dir='ltr'>modo</span> <span class='ocrx_word' id='word_1_127' title='bbox 1310 1704 1456 1800; x_wconf 88' lang='lat' dir='ltr'>imprella</span> <span class='ocrx_word' id='word_1_128' title='bbox 1482 1681 1725 1822; x_wconf 55' lang='lat' dir='ltr'>suaollffffff·</span> 
     </span>
     <span class='ocr_line' id='line_1_13' title="bbox 204 1777 1752 1878; baseline 0.005 -16"><span class='ocrx_word' id='word_1_129' title='bbox 204 1817 232 1862; x_wconf 82' lang='lat' dir='ltr'>in</span> <span class='ocrx_word' id='word_1_130' title='bbox 256 1791 484 1878; x_wconf 72' lang='lat' dir='ltr'>serimentum,</span> <span class='ocrx_word' id='word_1_131' title='bbox 509 1820 601 1872; x_wconf 84' lang='lat' dir='ltr'>notar</span> <span class='ocrx_word' id='word_1_132' title='bbox 626 1808 661 1874; x_wconf 73' lang='grc' dir='ltr'>δι</span> <span class='ocrx_word' id='word_1_133' title='bbox 684 1803 895 1874; x_wconf 72' lang='lat' dir='ltr'>charaderem</span> <span class='ocrx_word' id='word_1_134' title='bbox 920 1799 1073 1876; x_wconf 72' lang='lat' dir='ltr'>bonitate</span> <span class='ocrx_word' id='word_1_135' title='bbox 1096 1805 1283 1874; x_wconf 73' lang='lat' dir='ltr'>induxerit.</span> <span class='ocrx_word' id='word_1_136' title='bbox 1308 1805 1378 1876; x_wconf 87' lang='lat' dir='ltr'>Nili</span> <span class='ocrx_word' id='word_1_137' title='bbox 1401 1810 1487 1873; x_wconf 89' lang='lat' dir='ltr'>enim</span> <span class='ocrx_word' id='word_1_138' title='bbox 1513 1807 1579 1874; x_wconf 86' lang='lat' dir='ltr'>rir-</span> <span class='ocrx_word' id='word_1_139' title='bbox 1627 1777 1752 1844; x_wconf 48' lang='lat' dir='ltr'>“mm</span> 
     </span>
     <span class='ocr_line' id='line_1_14' title="bbox 202 1896 1577 1996; baseline 0.006 -34"><span class='ocrx_word' id='word_1_140' title='bbox 202 1909 249 1964; x_wconf 81' lang='lat' dir='ltr'>tur</span> <span class='ocrx_word' id='word_1_141' title='bbox 272 1896 416 1968; x_wconf 80' lang='lat' dir='ltr'>alimenti</span> <span class='ocrx_word' id='word_1_142' title='bbox 440 1899 541 1970; x_wconf 85' lang='lat' dir='ltr'>hieme</span> <span class='ocrx_word' id='word_1_143' title='bbox 564 1920 757 1995; x_wconf 84' lang='lat' dir='ltr'>caperetur,</span> <span class='ocrx_word' id='word_1_144' title='bbox 791 1903 877 1973; x_wconf 89' lang='lat' dir='ltr'>calor</span> <span class='ocrx_word' id='word_1_145' title='bbox 901 1907 936 1976; x_wconf 76' lang='lat' dir='ltr'>de</span> <span class='ocrx_word' id='word_1_146' title='bbox 958 1923 1108 1996; x_wconf 78' lang='lat' dir='ltr'>coqueret</span> <span class='ocrx_word' id='word_1_147' title='bbox 1132 1907 1268 1972; x_wconf 86' lang='lat' dir='ltr'>omniuo</span> <span class='ocrx_word' id='word_1_148' title='bbox 1301 1947 1312 1980; x_wconf 89' lang='lat'>,</span> <span class='ocrx_word' id='word_1_149' title='bbox 1345 1907 1380 1973; x_wconf 70' lang='grc' dir='ltr'>ἃ</span> <span class='ocrx_word' id='word_1_150' title='bbox 1404 1900 1485 1972; x_wconf 89' lang='lat' dir='ltr'>nihil</span> <span class='ocrx_word' id='word_1_151' title='bbox 1505 1899 1577 1970; x_wconf 68' lang='lat' dir='ltr'>reli</span> 
     </span>
     <span class='ocr_line' id='line_1_15' title="bbox 202 1993 1576 2096; baseline 0.004 -34"><span class='ocrx_word' id='word_1_152' title='bbox 202 1993 251 2062; x_wconf 94' lang='lat' dir='ltr'>dui</span> <span class='ocrx_word' id='word_1_153' title='bbox 276 1996 483 2091; x_wconf 86' lang='lat' dir='ltr'>relinqueret.</span> <span class='ocrx_word' id='word_1_154' title='bbox 505 2001 546 2068; x_wconf 69' lang='lat' dir='ltr'>lit</span> <span class='ocrx_word' id='word_1_155' title='bbox 571 2002 694 2096; x_wconf 82' lang='lat' dir='ltr'>Hippo.</span> <span class='ocrx_word' id='word_1_156' title='bbox 707 2003 856 2094; x_wconf 75' lang='lat' dir='ltr'>querit,</span> <span class='ocrx_word' id='word_1_157' title='bbox 878 2023 921 2071; x_wconf 90' lang='lat' dir='ltr'>an</span> <span class='ocrx_word' id='word_1_158' title='bbox 942 2001 1037 2093; x_wconf 91' lang='lat' dir='ltr'>quod</span> <span class='ocrx_word' id='word_1_159' title='bbox 1061 2004 1152 2094; x_wconf 89' lang='lat' dir='ltr'>pueri</span> <span class='ocrx_word' id='word_1_160' title='bbox 1176 2000 1356 2070; x_wconf 68' lang='lat' dir='ltr'>tardiorem</span> <span class='ocrx_word' id='word_1_161' title='bbox 1383 2003 1430 2068; x_wconf 83' lang='lat' dir='ltr'>Ac</span> <span class='ocrx_word' id='word_1_162' title='bbox 1454 2001 1576 2091; x_wconf 77' lang='lat' dir='ltr'>sique·</span> 
     </span>
     <span class='ocr_line' id='line_1_16' title="bbox 199 2091 1577 2190; baseline 0.006 -32"><span class='ocrx_word' id='word_1_163' title='bbox 199 2110 294 2170; x_wconf 82' lang='lat' dir='ltr'>reret,</span> <span class='ocrx_word' id='word_1_164' title='bbox 319 2117 399 2164; x_wconf 88' lang='lat' dir='ltr'>num</span> <span class='ocrx_word' id='word_1_165' title='bbox 423 2095 486 2166; x_wconf 90' lang='lat' dir='ltr'>alia</span> <span class='ocrx_word' id='word_1_166' title='bbox 506 2101 786 2190; x_wconf 77' lang='lat' dir='ltr'>coagmnrtationis</span> <span class='ocrx_word' id='word_1_167' title='bbox 807 2091 901 2168; x_wconf 83' lang='lat' dir='ltr'>causa</span> <span class='ocrx_word' id='word_1_168' title='bbox 923 2097 968 2166; x_wconf 84' lang='lat' dir='ltr'>eit</span> <span class='ocrx_word' id='word_1_169' title='bbox 991 2119 1092 2190; x_wconf 86' lang='lat' dir='ltr'>quam</span> <span class='ocrx_word' id='word_1_170' title='bbox 1118 2097 1232 2168; x_wconf 70' lang='lat' dir='ltr'>calori</span> <span class='ocrx_word' id='word_1_171' title='bbox 1257 2097 1290 2165; x_wconf 85' lang='lat' dir='ltr'>Si</span> <span class='ocrx_word' id='word_1_172' title='bbox 1315 2097 1398 2166; x_wconf 89' lang='lat' dir='ltr'>enim</span> <span class='ocrx_word' id='word_1_173' title='bbox 1422 2095 1508 2164; x_wconf 90' lang='lat' dir='ltr'>calor</span> <span class='ocrx_word' id='word_1_174' title='bbox 1532 2099 1577 2166; x_wconf 86' lang='lat' dir='ltr'>ira</span> 
     </span>
     <span class='ocr_line' id='line_1_17' title="bbox 200 2191 1576 2296; baseline 0.001 -38"><span class='ocrx_word' id='word_1_175' title='bbox 200 2191 371 2285; x_wconf 85' lang='lat' dir='ltr'>potensest</span> <span class='ocrx_word' id='word_1_176' title='bbox 395 2197 428 2264; x_wconf 92' lang='lat' dir='ltr'>in</span> <span class='ocrx_word' id='word_1_177' title='bbox 455 2199 579 2292; x_wconf 83' lang='lat' dir='ltr'>putris,</span> <span class='ocrx_word' id='word_1_178' title='bbox 601 2199 627 2262; x_wconf 85' lang='lat' dir='ltr'>is</span> <span class='ocrx_word' id='word_1_179' title='bbox 649 2213 798 2288; x_wconf 87' lang='lat' dir='ltr'>coqueret</span> <span class='ocrx_word' id='word_1_180' title='bbox 818 2240 830 2274; x_wconf 83' lang='lat'>,</span> <span class='ocrx_word' id='word_1_181' title='bbox 854 2194 895 2296; x_wconf 76' lang='lat' dir='ltr'>ad</span> <span class='ocrx_word' id='word_1_182' title='bbox 928 2196 1142 2288; x_wconf 67' lang='lat' dir='ltr'>equalitatem</span> <span class='ocrx_word' id='word_1_183' title='bbox 1174 2191 1365 2270; x_wconf 87' lang='lat' dir='ltr'>reduceret,</span> <span class='ocrx_word' id='word_1_184' title='bbox 1389 2195 1422 2260; x_wconf 85' lang='lat'>&amp;</span> <span class='ocrx_word' id='word_1_185' title='bbox 1449 2194 1576 2262; x_wconf 88' lang='lat' dir='ltr'>tandem</span> 
     </span>
     <span class='ocr_line' id='line_1_18' title="bbox 197 2289 1577 2387; baseline 0.004 -33"><span class='ocrx_word' id='word_1_186' title='bbox 197 2289 374 2384; x_wconf 79' lang='lat' dir='ltr'>expelleret.</span> <span class='ocrx_word' id='word_1_187' title='bbox 403 2296 514 2384; x_wconf 86' lang='lat' dir='ltr'>ltaque</span> <span class='ocrx_word' id='word_1_188' title='bbox 538 2294 571 2360; x_wconf 93' lang='lat' dir='ltr'>in</span> <span class='ocrx_word' id='word_1_189' title='bbox 595 2295 694 2365; x_wconf 79' lang='lat' dir='ltr'>refiea</span> <span class='ocrx_word' id='word_1_190' title='bbox 717 2291 843 2362; x_wconf 82' lang='lat' dir='ltr'>crailior</span> <span class='ocrx_word' id='word_1_191' title='bbox 911 2315 1014 2362; x_wconf 90' lang='lat' dir='ltr'>rsnon</span> <span class='ocrx_word' id='word_1_192' title='bbox 1025 2297 1226 2370; x_wconf 85' lang='lat' dir='ltr'>retineretur,</span> <span class='ocrx_word' id='word_1_193' title='bbox 1251 2291 1362 2387; x_wconf 85' lang='lat' dir='ltr'>lapidis</span> <span class='ocrx_word' id='word_1_194' title='bbox 1381 2310 1508 2386; x_wconf 89' lang='lat' dir='ltr'>parens.</span> <span class='ocrx_word' id='word_1_195' title='bbox 1535 2293 1577 2360; x_wconf 85' lang='lat' dir='ltr'>Ee</span> 
     </span>
     <span class='ocr_line' id='line_1_19' title="bbox 199 2317 1577 2486; baseline 0.004 -34"><span class='ocrx_word' id='word_1_196' title='bbox 199 2389 239 2455; x_wconf 87' lang='lat' dir='ltr'>ira</span> <span class='ocrx_word' id='word_1_197' title='bbox 262 2389 325 2458; x_wconf 87' lang='lat' dir='ltr'>alia</span> <span class='ocrx_word' id='word_1_198' title='bbox 348 2384 443 2459; x_wconf 72' lang='lat' dir='ltr'>cauit</span> <span class='ocrx_word' id='word_1_199' title='bbox 465 2385 652 2464; x_wconf 80' lang='lat' dir='ltr'>statuenda,</span> <span class='ocrx_word' id='word_1_200' title='bbox 676 2411 790 2486; x_wconf 83' lang='lat' dir='ltr'>nempe</span> <span class='ocrx_word' id='word_1_201' title='bbox 812 2317 987 2481; x_wconf 62' lang='lat' dir='ltr'>ingidvies.</span> <span class='ocrx_word' id='word_1_202' title='bbox 1013 2394 1053 2459; x_wconf 83' lang='lat' dir='ltr'>Et</span> <span class='ocrx_word' id='word_1_203' title='bbox 1084 2390 1175 2483; x_wconf 91' lang='lat' dir='ltr'>quod</span> <span class='ocrx_word' id='word_1_204' title='bbox 1207 2389 1415 2464; x_wconf 87' lang='lat' dir='ltr'>notandum,</span> <span class='ocrx_word' id='word_1_205' title='bbox 1441 2413 1505 2457; x_wconf 91' lang='lat' dir='ltr'>non</span> <span class='ocrx_word' id='word_1_206' title='bbox 1529 2391 1577 2460; x_wconf 83' lang='lat' dir='ltr'>vi·</span> 
     </span>
     <span class='ocr_line' id='line_1_20' title="bbox 199 2475 1596 2580; baseline 0 -26"><span class='ocrx_word' id='word_1_207' title='bbox 199 2485 288 2555; x_wconf 88' lang='lat' dir='ltr'>detur</span> <span class='ocrx_word' id='word_1_208' title='bbox 311 2480 602 2558; x_wconf 89' lang='lat' dir='ltr'>omninodubitare</span> <span class='ocrx_word' id='word_1_209' title='bbox 617 2487 696 2558; x_wconf 89' lang='lat' dir='ltr'>dum</span> <span class='ocrx_word' id='word_1_210' title='bbox 708 2492 773 2565; x_wconf 86' lang='lat' dir='ltr'>ait,</span> <span class='ocrx_word' id='word_1_211' title='bbox 797 2509 839 2556; x_wconf 91' lang='lat' dir='ltr'>an</span> <span class='ocrx_word' id='word_1_212' title='bbox 862 2487 951 2580; x_wconf 92' lang='lat' dir='ltr'>qood</span> <span class='ocrx_word' id='word_1_213' title='bbox 968 2488 1145 2558; x_wconf 71' lang='lat' dir='ltr'>calidiores?</span> <span class='ocrx_word' id='word_1_214' title='bbox 1173 2485 1374 2580; x_wconf 52' lang='lat' dir='ltr'>numquid&amp;</span> <span class='ocrx_word' id='word_1_215' title='bbox 1390 2475 1596 2560; x_wconf 60' lang='lat' dir='ltr'>&#39;welmare&#39;</span> 
     </span>
     <span class='ocr_line' id='line_1_21' title="bbox 195 2582 1575 2678; baseline 0.001 -26"><span class='ocrx_word' id='word_1_216' title='bbox 195 2585 278 2652; x_wconf 88' lang='lat' dir='ltr'>calor</span> <span class='ocrx_word' id='word_1_217' title='bbox 302 2582 418 2656; x_wconf 74' lang='lat' dir='ltr'>audior</span> <span class='ocrx_word' id='word_1_218' title='bbox 443 2583 501 2670; x_wconf 79' lang='lat' dir='ltr'>fit(</span> <span class='ocrx_word' id='word_1_219' title='bbox 524 2585 678 2678; x_wconf 84' lang='lat' dir='ltr'>liquidem</span> <span class='ocrx_word' id='word_1_220' title='bbox 701 2590 736 2658; x_wconf 78' lang='grc' dir='ltr'>δι</span> <span class='ocrx_word' id='word_1_221' title='bbox 760 2585 783 2655; x_wconf 85' lang='lat' dir='ltr'>sr</span> <span class='ocrx_word' id='word_1_222' title='bbox 807 2588 945 2658; x_wconf 86' lang='lat' dir='ltr'>cruditas</span> <span class='ocrx_word' id='word_1_223' title='bbox 969 2582 1060 2658; x_wconf 86' lang='lat' dir='ltr'>eausa</span> <span class='ocrx_word' id='word_1_224' title='bbox 1083 2584 1126 2654; x_wconf 87' lang='lat' dir='ltr'>cll</span> <span class='ocrx_word' id='word_1_225' title='bbox 1140 2586 1322 2662; x_wconf 86' lang='lat' dir='ltr'>materialis,</span> <span class='ocrx_word' id='word_1_226' title='bbox 1346 2583 1575 2670; x_wconf 83' lang='lat' dir='ltr'>efficiendivim</span> 
     </span>
     <span class='ocr_line' id='line_1_22' title="bbox 196 2677 1576 2782; baseline 0.002 -34"><span class='ocrx_word' id='word_1_227' title='bbox 196 2677 288 2752; x_wconf 88' lang='lat' dir='ltr'>habet</span> <span class='ocrx_word' id='word_1_228' title='bbox 312 2683 423 2773; x_wconf 84' lang='lat' dir='ltr'>calor)</span> <span class='ocrx_word' id='word_1_229' title='bbox 448 2678 498 2754; x_wconf 80' lang='lat' dir='ltr'>scd</span> <span class='ocrx_word' id='word_1_230' title='bbox 521 2704 563 2754; x_wconf 84' lang='lat' dir='ltr'>an</span> <span class='ocrx_word' id='word_1_231' title='bbox 587 2681 658 2782; x_wconf 84' lang='lat' dir='ltr'>poli</span> <span class='ocrx_word' id='word_1_232' title='bbox 682 2683 813 2757; x_wconf 69' lang='lat' dir='ltr'>aridium</span> <span class='ocrx_word' id='word_1_233' title='bbox 835 2731 846 2760; x_wconf 88' lang='lat'><strong>,</strong></span> <span class='ocrx_word' id='word_1_234' title='bbox 869 2683 973 2764; x_wconf 87' lang='lat' dir='ltr'>idest,</span> <span class='ocrx_word' id='word_1_235' title='bbox 996 2680 1141 2758; x_wconf 84' lang='lat' dir='ltr'>secretam</span> <span class='ocrx_word' id='word_1_236' title='bbox 1167 2708 1187 2757; x_wconf 92' lang='lat' dir='ltr'>a</span> <span class='ocrx_word' id='word_1_237' title='bbox 1211 2679 1339 2754; x_wconf 84' lang='lat' dir='ltr'>renibus</span> <span class='ocrx_word' id='word_1_238' title='bbox 1361 2687 1395 2753; x_wconf 90' lang='lat' dir='ltr'>in</span> <span class='ocrx_word' id='word_1_239' title='bbox 1419 2685 1576 2779; x_wconf 82' lang='lat' dir='ltr'>capacita-</span> 
     </span>
     <span class='ocr_line' id='line_1_23' title="bbox 195 2781 1573 2878; baseline 0.004 -32"><span class='ocrx_word' id='word_1_240' title='bbox 195 2797 253 2847; x_wconf 85' lang='lat' dir='ltr'>tem</span> <span class='ocrx_word' id='word_1_241' title='bbox 280 2782 383 2852; x_wconf 72' lang='lat' dir='ltr'>relico</span> <span class='ocrx_word' id='word_1_242' title='bbox 409 2787 550 2858; x_wconf 87' lang='lat' dir='ltr'>urinam,</span> <span class='ocrx_word' id='word_1_243' title='bbox 581 2789 616 2850; x_wconf 90' lang='lat' dir='ltr'>in</span> <span class='ocrx_word' id='word_1_244' title='bbox 641 2787 744 2878; x_wconf 88' lang='lat' dir='ltr'>pueris</span> <span class='ocrx_word' id='word_1_245' title='bbox 769 2783 899 2854; x_wconf 83' lang='lat' dir='ltr'>coalitus</span> <span class='ocrx_word' id='word_1_246' title='bbox 930 2787 1017 2862; x_wconf 85' lang='lat' dir='ltr'>liat,</span> <span class='ocrx_word' id='word_1_247' title='bbox 1039 2785 1130 2877; x_wconf 88' lang='lat' dir='ltr'>quod</span> <span class='ocrx_word' id='word_1_248' title='bbox 1155 2787 1188 2852; x_wconf 95' lang='lat' dir='ltr'>in</span> <span class='ocrx_word' id='word_1_249' title='bbox 1212 2787 1256 2852; x_wconf 89' lang='lat' dir='ltr'>eis</span> <span class='ocrx_word' id='word_1_250' title='bbox 1279 2783 1352 2878; x_wconf 83' lang='lat' dir='ltr'>plus</span> <span class='ocrx_word' id='word_1_251' title='bbox 1378 2781 1492 2850; x_wconf 80' lang='lat' dir='ltr'>caloris</span> <span class='ocrx_word' id='word_1_252' title='bbox 1524 2785 1573 2852; x_wconf 90' lang='lat' dir='ltr'>in·</span> 
     </span>
     <span class='ocr_line' id='line_1_24' title="bbox 195 2874 1572 2980; baseline 0.003 -34"><span class='ocrx_word' id='word_1_253' title='bbox 195 2877 259 2953; x_wconf 81' lang='lat' dir='ltr'>sit,</span> <span class='ocrx_word' id='word_1_254' title='bbox 282 2879 507 2974; x_wconf 84' lang='lat' dir='ltr'>duplicemque</span> <span class='ocrx_word' id='word_1_255' title='bbox 533 2874 628 2962; x_wconf 86' lang='lat' dir='ltr'>habet</span> <span class='ocrx_word' id='word_1_256' title='bbox 652 2881 844 2952; x_wconf 72' lang='lat' dir='ltr'>irrtellcstum</span> <span class='ocrx_word' id='word_1_257' title='bbox 868 2881 926 2952; x_wconf 88' lang='lat' dir='ltr'>illa</span> <span class='ocrx_word' id='word_1_258' title='bbox 949 2884 1121 2980; x_wconf 86' lang='lat' dir='ltr'>periodus.</span> <span class='ocrx_word' id='word_1_259' title='bbox 1149 2883 1242 2952; x_wconf 87' lang='lat' dir='ltr'>Prior</span> <span class='ocrx_word' id='word_1_260' title='bbox 1266 2879 1338 2958; x_wconf 85' lang='lat' dir='ltr'>eli,</span> <span class='ocrx_word' id='word_1_261' title='bbox 1360 2903 1400 2950; x_wconf 91' lang='lat' dir='ltr'>an</span> <span class='ocrx_word' id='word_1_262' title='bbox 1435 2882 1467 2948; x_wconf 91' lang='lat' dir='ltr'>in</span> <span class='ocrx_word' id='word_1_263' title='bbox 1494 2901 1572 2973; x_wconf 85' lang='lat' dir='ltr'>pue-</span> 
     </span>
     <span class='ocr_line' id='line_1_25' title="bbox 196 2972 1569 3077; baseline -0.001 -30"><span class='ocrx_word' id='word_1_264' title='bbox 196 2981 235 3047; x_wconf 81' lang='lat' dir='ltr'>ris</span> <span class='ocrx_word' id='word_1_265' title='bbox 258 2972 433 3049; x_wconf 84' lang='lat' dir='ltr'>concrescat</span> <span class='ocrx_word' id='word_1_266' title='bbox 465 2980 546 3077; x_wconf 87' lang='lat' dir='ltr'>lapis</span> <span class='ocrx_word' id='word_1_267' title='bbox 569 2981 797 3077; x_wconf 89' lang='lat' dir='ltr'>potiusquam</span> <span class='ocrx_word' id='word_1_268' title='bbox 821 2986 856 3049; x_wconf 92' lang='lat' dir='ltr'>in</span> <span class='ocrx_word' id='word_1_269' title='bbox 889 2981 958 3052; x_wconf 80' lang='lat' dir='ltr'>aliie</span> <span class='ocrx_word' id='word_1_270' title='bbox 991 2975 1137 3053; x_wconf 72' lang='lat' dir='ltr'>cratibus</span> <span class='ocrx_word' id='word_1_271' title='bbox 1170 2979 1260 3074; x_wconf 91' lang='lat' dir='ltr'>quod</span> <span class='ocrx_word' id='word_1_272' title='bbox 1298 2979 1357 3049; x_wconf 82' lang='lat' dir='ltr'>tint</span> <span class='ocrx_word' id='word_1_273' title='bbox 1380 2977 1569 3047; x_wconf 79' lang='lat' dir='ltr'>calidiores:</span> 
     </span>
     <span class='ocr_line' id='line_1_26' title="bbox 195 3072 1576 3176; baseline 0 -33"><span class='ocrx_word' id='word_1_274' title='bbox 195 3075 285 3166; x_wconf 92' lang='lat' dir='ltr'>quod</span> <span class='ocrx_word' id='word_1_275' title='bbox 309 3077 410 3171; x_wconf 89' lang='lat' dir='ltr'>placet</span> <span class='ocrx_word' id='word_1_276' title='bbox 435 3079 577 3149; x_wconf 88' lang='lat' dir='ltr'>Galeno.</span> <span class='ocrx_word' id='word_1_277' title='bbox 605 3074 787 3159; x_wconf 83' lang='lat' dir='ltr'>Posterior,</span> <span class='ocrx_word' id='word_1_278' title='bbox 812 3096 855 3150; x_wconf 82' lang='lat' dir='ltr'>an</span> <span class='ocrx_word' id='word_1_279' title='bbox 886 3082 920 3149; x_wconf 93' lang='lat' dir='ltr'>in</span> <span class='ocrx_word' id='word_1_280' title='bbox 945 3088 1051 3176; x_wconf 76' lang='lat' dir='ltr'>puerit</span> <span class='ocrx_word' id='word_1_281' title='bbox 1086 3080 1191 3173; x_wconf 84' lang='lat' dir='ltr'>potius</span> <span class='ocrx_word' id='word_1_282' title='bbox 1226 3078 1281 3145; x_wconf 78' lang='lat' dir='ltr'>fiat</span> <span class='ocrx_word' id='word_1_283' title='bbox 1313 3080 1472 3145; x_wconf 79' lang='lat' dir='ltr'>concretio</span> <span class='ocrx_word' id='word_1_284' title='bbox 1505 3072 1576 3171; x_wconf 90' lang='lat' dir='ltr'>poll</span> 
     </span>
     <span class='ocr_line' id='line_1_27' title="bbox 195 3171 1574 3271; baseline 0.002 -30"><span class='ocrx_word' id='word_1_285' title='bbox 195 3173 348 3253; x_wconf 69' lang='lat' dir='ltr'>mitium,</span> <span class='ocrx_word' id='word_1_286' title='bbox 371 3200 469 3269; x_wconf 84' lang='lat' dir='ltr'>quam</span> <span class='ocrx_word' id='word_1_287' title='bbox 496 3194 569 3249; x_wconf 90' lang='lat' dir='ltr'>ante</span> <span class='ocrx_word' id='word_1_288' title='bbox 594 3177 750 3256; x_wconf 63' lang='lat' dir='ltr'>midurm</span> <span class='ocrx_word' id='word_1_289' title='bbox 773 3178 864 3271; x_wconf 92' lang='lat' dir='ltr'>quod</span> <span class='ocrx_word' id='word_1_290' title='bbox 889 3179 950 3247; x_wconf 76' lang='lat' dir='ltr'>int</span> <span class='ocrx_word' id='word_1_291' title='bbox 973 3177 1152 3247; x_wconf 81' lang='lat' dir='ltr'>calidiores.</span> <span class='ocrx_word' id='word_1_292' title='bbox 1177 3171 1310 3243; x_wconf 89' lang='lat' dir='ltr'>Conllat</span> <span class='ocrx_word' id='word_1_293' title='bbox 1333 3176 1417 3244; x_wconf 88' lang='lat' dir='ltr'>enim</span> <span class='ocrx_word' id='word_1_294' title='bbox 1442 3182 1475 3241; x_wconf 85' lang='lat' dir='ltr'>in</span> <span class='ocrx_word' id='word_1_295' title='bbox 1495 3196 1574 3271; x_wconf 90' lang='lat' dir='ltr'>pue-</span> 
     </span>
     <span class='ocr_line' id='line_1_28' title="bbox 197 3264 1576 3373; baseline 0.001 -32"><span class='ocrx_word' id='word_1_296' title='bbox 197 3294 302 3343; x_wconf 86' lang='lat' dir='ltr'>rorum</span> <span class='ocrx_word' id='word_1_297' title='bbox 329 3276 426 3349; x_wconf 78' lang='lat' dir='ltr'>uesica</span> <span class='ocrx_word' id='word_1_298' title='bbox 449 3280 520 3369; x_wconf 74' lang='lat' dir='ltr'>cogi</span> <span class='ocrx_word' id='word_1_299' title='bbox 545 3276 680 3373; x_wconf 86' lang='lat' dir='ltr'>lapidem</span> <span class='ocrx_word' id='word_1_300' title='bbox 707 3319 718 3351; x_wconf 84' lang='lat'><em>‚</em></span> <span class='ocrx_word' id='word_1_301' title='bbox 744 3293 903 3370; x_wconf 82' lang='lat' dir='ltr'>praeunte</span> <span class='ocrx_word' id='word_1_302' title='bbox 925 3275 1038 3365; x_wconf 88' lang='lat' dir='ltr'>aliquo</span> <span class='ocrx_word' id='word_1_303' title='bbox 1063 3274 1263 3349; x_wconf 87' lang='lat' dir='ltr'>rudimento,</span> <span class='ocrx_word' id='word_1_304' title='bbox 1288 3264 1335 3339; x_wconf 91' lang='lat' dir='ltr'>ob</span> <span class='ocrx_word' id='word_1_305' title='bbox 1358 3265 1576 3343; x_wconf 77' lang='lat' dir='ltr'>viscosumex·</span> 
     </span>
     <span class='ocr_line' id='line_1_29' title="bbox 194 3366 1575 3467; baseline 0.003 -30"><span class='ocrx_word' id='word_1_306' title='bbox 194 3391 401 3453; x_wconf 86' lang='lat' dir='ltr'>crementum,</span> <span class='ocrx_word' id='word_1_307' title='bbox 426 3373 518 3467; x_wconf 90' lang='lat' dir='ltr'>quod</span> <span class='ocrx_word' id='word_1_308' title='bbox 544 3395 630 3443; x_wconf 91' lang='lat' dir='ltr'>renes</span> <span class='ocrx_word' id='word_1_309' title='bbox 654 3366 890 3467; x_wconf 69' lang='lat' dir='ltr'>preterlapsum</span> <span class='ocrx_word' id='word_1_310' title='bbox 913 3368 1017 3441; x_wconf 82' lang='lat' dir='ltr'>fuerat</span> <span class='ocrx_word' id='word_1_311' title='bbox 1056 3416 1068 3448; x_wconf 83' lang='lat'>,</span> <span class='ocrx_word' id='word_1_312' title='bbox 1105 3369 1262 3440; x_wconf 70' lang='lat' dir='ltr'>exiliente</span> <span class='ocrx_word' id='word_1_313' title='bbox 1295 3374 1330 3439; x_wconf 72' lang='grc' dir='ltr'>δι</span> <span class='ocrx_word' id='word_1_314' title='bbox 1355 3388 1469 3440; x_wconf 88' lang='lat' dir='ltr'>natura</span> <span class='ocrx_word' id='word_1_315' title='bbox 1494 3370 1575 3441; x_wconf 87' lang='lat' dir='ltr'>vali-</span> 
     </span>
     <span class='ocr_line' id='line_1_30' title="bbox 193 3467 1574 3566; baseline 0.003 -31"><span class='ocrx_word' id='word_1_316' title='bbox 193 3470 251 3548; x_wconf 87' lang='lat' dir='ltr'>da,</span> <span class='ocrx_word' id='word_1_317' title='bbox 274 3476 309 3541; x_wconf 77' lang='grc' dir='ltr'>δι</span> <span class='ocrx_word' id='word_1_318' title='bbox 337 3467 524 3566; x_wconf 80' lang='lat' dir='ltr'>parentibus</span> <span class='ocrx_word' id='word_1_319' title='bbox 548 3474 623 3542; x_wconf 85' lang='lat' dir='ltr'>riis.</span> <span class='ocrx_word' id='word_1_320' title='bbox 649 3472 804 3539; x_wconf 87' lang='lat' dir='ltr'>Remanet</span> <span class='ocrx_word' id='word_1_321' title='bbox 827 3488 935 3541; x_wconf 87' lang='lat' dir='ltr'>auteur</span> <span class='ocrx_word' id='word_1_322' title='bbox 958 3474 992 3538; x_wconf 92' lang='lat' dir='ltr'>in</span> <span class='ocrx_word' id='word_1_323' title='bbox 1016 3467 1112 3541; x_wconf 82' lang='lat' dir='ltr'>velita</span> <span class='ocrx_word' id='word_1_324' title='bbox 1136 3472 1269 3563; x_wconf 80' lang='lat' dir='ltr'>potius,</span> <span class='ocrx_word' id='word_1_325' title='bbox 1293 3470 1369 3561; x_wconf 89' lang='lat' dir='ltr'>quia</span> <span class='ocrx_word' id='word_1_326' title='bbox 1393 3488 1513 3559; x_wconf 83' lang='lat' dir='ltr'>grave,</span> <span class='ocrx_word' id='word_1_327' title='bbox 1537 3474 1574 3541; x_wconf 78' lang='grc' dir='ltr'>δι</span> 
     </span>
     <span class='ocr_line' id='line_1_31' title="bbox 191 3562 1576 3665; baseline 0.001 -30"><span class='ocrx_word' id='word_1_328' title='bbox 191 3588 305 3665; x_wconf 83' lang='lat' dir='ltr'>corpus</span> <span class='ocrx_word' id='word_1_329' title='bbox 330 3569 434 3640; x_wconf 85' lang='lat' dir='ltr'>veficae</span> <span class='ocrx_word' id='word_1_330' title='bbox 461 3568 657 3645; x_wconf 77' lang='lat' dir='ltr'>flaccidum,</span> <span class='ocrx_word' id='word_1_331' title='bbox 681 3572 716 3639; x_wconf 77' lang='lat' dir='ltr'>dt</span> <span class='ocrx_word' id='word_1_332' title='bbox 740 3568 859 3661; x_wconf 82' lang='lat' dir='ltr'>uligine</span> <span class='ocrx_word' id='word_1_333' title='bbox 893 3569 1011 3653; x_wconf 54' lang='lat' dir='ltr'>muita,</span> <span class='ocrx_word' id='word_1_334' title='bbox 1027 3562 1196 3644; x_wconf 82' lang='lat' dir='ltr'>obsitum,</span> <span class='ocrx_word' id='word_1_335' title='bbox 1221 3588 1367 3663; x_wconf 81' lang='lat' dir='ltr'>praterea</span> <span class='ocrx_word' id='word_1_336' title='bbox 1397 3568 1576 3636; x_wconf 85' lang='lat' dir='ltr'>excernitur</span> 
     </span>
     <span class='ocr_line' id='line_1_32' title="bbox 193 3658 1575 3768; baseline 0.002 -37"><span class='ocrx_word' id='word_1_337' title='bbox 193 3670 318 3735; x_wconf 85' lang='lat' dir='ltr'>tenuior</span> <span class='ocrx_word' id='word_1_338' title='bbox 342 3688 444 3762; x_wconf 83' lang='lat' dir='ltr'>pars:</span> <span class='ocrx_word' id='word_1_339' title='bbox 469 3668 508 3738; x_wconf 80' lang='lat' dir='ltr'>ric</span> <span class='ocrx_word' id='word_1_340' title='bbox 532 3664 621 3738; x_wconf 79' lang='lat' dir='ltr'>facile</span> <span class='ocrx_word' id='word_1_341' title='bbox 654 3660 792 3768; x_wconf 73' lang='lat' dir='ltr'>adhelus</span> <span class='ocrx_word' id='word_1_342' title='bbox 817 3668 881 3735; x_wconf 84' lang='lat' dir='ltr'>lit.</span> <span class='ocrx_word' id='word_1_343' title='bbox 908 3668 954 3737; x_wconf 81' lang='lat' dir='ltr'>rit</span> <span class='ocrx_word' id='word_1_344' title='bbox 980 3671 1013 3735; x_wconf 90' lang='lat' dir='ltr'>in</span> <span class='ocrx_word' id='word_1_345' title='bbox 1038 3670 1180 3737; x_wconf 86' lang='lat' dir='ltr'>virorum</span> <span class='ocrx_word' id='word_1_346' title='bbox 1217 3658 1345 3733; x_wconf 88' lang='lat' dir='ltr'>renibus</span> <span class='ocrx_word' id='word_1_347' title='bbox 1379 3664 1404 3731; x_wconf 90' lang='lat' dir='ltr'>is</span> <span class='ocrx_word' id='word_1_348' title='bbox 1428 3659 1575 3735; x_wconf 75' lang='lat' dir='ltr'>adhesus</span> 
     </span>
     <span class='ocr_line' id='line_1_33' title="bbox 195 3760 1574 3858; baseline 0 -25"><span class='ocrx_word' id='word_1_349' title='bbox 195 3768 299 3857; x_wconf 81' lang='lat' dir='ltr'>potius</span> <span class='ocrx_word' id='word_1_350' title='bbox 322 3769 504 3858; x_wconf 81' lang='lat' dir='ltr'>contingit·</span> <span class='ocrx_word' id='word_1_351' title='bbox 528 3769 677 3837; x_wconf 83' lang='lat' dir='ltr'>Diximus</span> <span class='ocrx_word' id='word_1_352' title='bbox 699 3784 805 3839; x_wconf 87' lang='lat' dir='ltr'>autem</span> <span class='ocrx_word' id='word_1_353' title='bbox 832 3783 905 3835; x_wconf 87' lang='lat' dir='ltr'>ante</span> <span class='ocrx_word' id='word_1_354' title='bbox 939 3766 1072 3837; x_wconf 69' lang='lat' dir='ltr'>mistum</span> <span class='ocrx_word' id='word_1_355' title='bbox 1106 3767 1176 3855; x_wconf 83' lang='lat' dir='ltr'>cogi</span> <span class='ocrx_word' id='word_1_356' title='bbox 1211 3762 1323 3856; x_wconf 83' lang='lat' dir='ltr'>quid,</span> <span class='ocrx_word' id='word_1_357' title='bbox 1357 3783 1421 3827; x_wconf 90' lang='lat' dir='ltr'>non</span> <span class='ocrx_word' id='word_1_358' title='bbox 1455 3760 1511 3830; x_wconf 84' lang='lat' dir='ltr'>eisc</span> <span class='ocrx_word' id='word_1_359' title='bbox 1541 3783 1574 3833; x_wconf 80' lang='lat' dir='ltr'>a·</span> 
     </span>
     <span class='ocr_line' id='line_1_34' title="bbox 193 3852 1575 3958; baseline 0.002 -30"><span class='ocrx_word' id='word_1_360' title='bbox 193 3861 258 3932; x_wconf 88' lang='lat' dir='ltr'>liud</span> <span class='ocrx_word' id='word_1_361' title='bbox 290 3886 392 3956; x_wconf 90' lang='lat' dir='ltr'>quam</span> <span class='ocrx_word' id='word_1_362' title='bbox 428 3868 494 3935; x_wconf 89' lang='lat' dir='ltr'>lieri</span> <span class='ocrx_word' id='word_1_363' title='bbox 529 3884 700 3958; x_wconf 87' lang='lat' dir='ltr'>antequam</span> <span class='ocrx_word' id='word_1_364' title='bbox 737 3866 873 3933; x_wconf 79' lang='lat' dir='ltr'>urinas</span> <span class='ocrx_word' id='word_1_365' title='bbox 917 3858 1045 3933; x_wconf 85' lang='lat' dir='ltr'>renibus</span> <span class='ocrx_word' id='word_1_366' title='bbox 1069 3852 1195 3956; x_wconf 83' lang='lat' dir='ltr'>delapsa</span> <span class='ocrx_word' id='word_1_367' title='bbox 1219 3862 1293 3930; x_wconf 81' lang='lat' dir='ltr'>sse·</span> <span class='ocrx_word' id='word_1_368' title='bbox 1330 3856 1403 3925; x_wconf 87' lang='lat' dir='ltr'>Poll</span> <span class='ocrx_word' id='word_1_369' title='bbox 1437 3856 1575 3931; x_wconf 77' lang='lat' dir='ltr'>midlum&#39;</span> 
     </span>
     <span class='ocr_line' id='line_1_35' title="bbox 193 3952 1576 4061; baseline -0.016 -22"><span class='ocrx_word' id='word_1_370' title='bbox 193 3980 339 4037; x_wconf 62' lang='lat' dir='ltr'>tutem,</span> <span class='ocrx_word' id='word_1_371' title='bbox 373 3962 485 4041; x_wconf 85' lang='lat' dir='ltr'>idest,</span> <span class='ocrx_word' id='word_1_372' title='bbox 510 3962 581 4061; x_wconf 82' lang='lat' dir='ltr'>poli</span> <span class='ocrx_word' id='word_1_373' title='bbox 613 3956 743 4033; x_wconf 79' lang='lat' dir='ltr'>effusam</span> <span class='ocrx_word' id='word_1_374' title='bbox 777 3986 798 4031; x_wconf 89' lang='lat' dir='ltr'>a</span> <span class='ocrx_word' id='word_1_375' title='bbox 830 3952 961 4033; x_wconf 84' lang='lat' dir='ltr'>renibus</span> <span class='ocrx_word' id='word_1_376' title='bbox 997 3969 1031 4031; x_wconf 86' lang='lat' dir='ltr'>in</span> <span class='ocrx_word' id='word_1_377' title='bbox 1066 3962 1233 4033; x_wconf 74' lang='lat' dir='ltr'>creticam,</span> <span class='ocrx_word' id='word_1_378' title='bbox 1266 3958 1419 4025; x_wconf 86' lang='lat' dir='ltr'>urinam.</span> <span class='ocrx_word' id='word_1_379' title='bbox 1446 3958 1576 4055; x_wconf 79' lang='lat' dir='ltr'>Qam.</span> 
     </span>
     <span class='ocr_line' id='line_1_36' title="bbox 192 4052 1573 4159; baseline 0 -32"><span class='ocrx_word' id='word_1_380' title='bbox 192 4078 290 4149; x_wconf 90' lang='lat' dir='ltr'>quam</span> <span class='ocrx_word' id='word_1_381' title='bbox 315 4060 446 4148; x_wconf 87' lang='lat' dir='ltr'>quidam</span> <span class='ocrx_word' id='word_1_382' title='bbox 473 4081 589 4159; x_wconf 88' lang='lat' dir='ltr'>purant</span> <span class='ocrx_word' id='word_1_383' title='bbox 613 4059 682 4158; x_wconf 84' lang='lat' dir='ltr'>poll</span> <span class='ocrx_word' id='word_1_384' title='bbox 708 4060 845 4131; x_wconf 73' lang='lat' dir='ltr'>mistum</span> <span class='ocrx_word' id='word_1_385' title='bbox 888 4052 1030 4137; x_wconf 71' lang='lat' dir='ltr'>ecdayp«</span> <span class='ocrx_word' id='word_1_386' title='bbox 1055 4062 1120 4129; x_wconf 86' lang='lat' dir='ltr'>fieri</span> <span class='ocrx_word' id='word_1_387' title='bbox 1148 4104 1159 4137; x_wconf 91' lang='lat'>,</span> <span class='ocrx_word' id='word_1_388' title='bbox 1193 4054 1297 4133; x_wconf 85' lang='lat' dir='ltr'>idest,</span> <span class='ocrx_word' id='word_1_389' title='bbox 1323 4052 1391 4144; x_wconf 86' lang='lat' dir='ltr'>post</span> <span class='ocrx_word' id='word_1_390' title='bbox 1414 4075 1573 4129; x_wconf 82' lang='lat' dir='ltr'>excretam</span> 
     </span>
     <span class='ocr_line' id='line_1_37' title="bbox 194 4154 1572 4257; baseline 0.002 -34"><span class='ocrx_word' id='word_1_391' title='bbox 194 4156 330 4227; x_wconf 81' lang='lat' dir='ltr'>arcfica</span> <span class='ocrx_word' id='word_1_392' title='bbox 356 4161 501 4237; x_wconf 78' lang='lat' dir='ltr'>urinam,</span> <span class='ocrx_word' id='word_1_393' title='bbox 524 4179 562 4229; x_wconf 91' lang='lat' dir='ltr'>ut</span> <span class='ocrx_word' id='word_1_394' title='bbox 586 4158 714 4231; x_wconf 79' lang='lat' dir='ltr'>crudior</span> <span class='ocrx_word' id='word_1_395' title='bbox 737 4179 829 4257; x_wconf 83' lang='lat' dir='ltr'>pars,</span> <span class='ocrx_word' id='word_1_396' title='bbox 855 4162 889 4228; x_wconf 76' lang='grc' dir='ltr'>δι</span> <span class='ocrx_word' id='word_1_397' title='bbox 915 4158 1084 4253; x_wconf 78' lang='lat' dir='ltr'>hrpoliaiis</span> <span class='ocrx_word' id='word_1_398' title='bbox 1109 4176 1266 4228; x_wconf 87' lang='lat' dir='ltr'>remancat</span> <span class='ocrx_word' id='word_1_399' title='bbox 1275 4156 1416 4246; x_wconf 85' lang='lat' dir='ltr'>legitima</span> <span class='ocrx_word' id='word_1_400' title='bbox 1430 4154 1572 4226; x_wconf 88' lang='lat' dir='ltr'>calculo·</span> 
     </span>
     <span class='ocr_line' id='line_1_38' title="bbox 195 4253 1572 4353; baseline 0.001 -29"><span class='ocrx_word' id='word_1_401' title='bbox 195 4276 286 4334; x_wconf 86' lang='lat' dir='ltr'>rum,</span> <span class='ocrx_word' id='word_1_402' title='bbox 311 4257 347 4323; x_wconf 76' lang='grc' dir='ltr'>δι</span> <span class='ocrx_word' id='word_1_403' title='bbox 373 4275 500 4352; x_wconf 85' lang='lat' dir='ltr'>promta</span> <span class='ocrx_word' id='word_1_404' title='bbox 527 4263 684 4329; x_wconf 83' lang='lat' dir='ltr'>materies.</span> <span class='ocrx_word' id='word_1_405' title='bbox 709 4260 758 4327; x_wconf 85' lang='lat' dir='ltr'>Sic</span> <span class='ocrx_word' id='word_1_406' title='bbox 782 4254 850 4353; x_wconf 90' lang='lat' dir='ltr'>poll</span> <span class='ocrx_word' id='word_1_407' title='bbox 876 4258 1038 4337; x_wconf 70' lang='lat' dir='ltr'>mitium,</span> <span class='ocrx_word' id='word_1_408' title='bbox 1062 4256 1171 4327; x_wconf 68' lang='lat' dir='ltr'>atium</span> <span class='ocrx_word' id='word_1_409' title='bbox 1197 4255 1330 4339; x_wconf 81' lang='lat' dir='ltr'>mejendi</span> <span class='ocrx_word' id='word_1_410' title='bbox 1357 4253 1572 4343; x_wconf 79' lang='lat' dir='ltr'>significaret.</span> 
     </span>
     <span class='ocr_line' id='line_1_39' title="bbox 194 4350 1577 4450; baseline 0.001 -29"><span class='ocrx_word' id='word_1_411' title='bbox 194 4354 290 4447; x_wconf 76' lang='lat' dir='ltr'>Quod</span> <span class='ocrx_word' id='word_1_412' title='bbox 316 4353 339 4421; x_wconf 88' lang='lat' dir='ltr'>sr</span> <span class='ocrx_word' id='word_1_413' title='bbox 366 4375 479 4427; x_wconf 83' lang='lat' dir='ltr'>verum</span> <span class='ocrx_word' id='word_1_414' title='bbox 502 4360 585 4435; x_wconf 86' lang='lat' dir='ltr'>erit,</span> <span class='ocrx_word' id='word_1_415' title='bbox 605 4361 677 4450; x_wconf 90' lang='lat' dir='ltr'>quis</span> <span class='ocrx_word' id='word_1_416' title='bbox 702 4350 803 4427; x_wconf 82' lang='lat' dir='ltr'>sensm</span> <span class='ocrx_word' id='word_1_417' title='bbox 827 4350 924 4427; x_wconf 78' lang='lat' dir='ltr'>lorett</span> <span class='ocrx_word' id='word_1_418' title='bbox 948 4357 1027 4448; x_wconf 92' lang='lat' dir='ltr'>quid</span> <span class='ocrx_word' id='word_1_419' title='bbox 1052 4356 1185 4449; x_wconf 80' lang='lat' dir='ltr'>dignum</span> <span class='ocrx_word' id='word_1_420' title='bbox 1211 4356 1427 4449; x_wconf 74' lang='lat' dir='ltr'>Hippocrate?</span> <span class='ocrx_word' id='word_1_421' title='bbox 1453 4352 1577 4432; x_wconf 77' lang='lat' dir='ltr'>Sirim,</span> 
     </span>
     <span class='ocr_line' id='line_1_40' title="bbox 197 4452 1577 4647; baseline 0.002 -30"><span class='ocrx_word' id='word_1_422' title='bbox 197 4452 1161 4647; x_wconf 48' lang='lat' dir='ltr'>llllllfflillatialil‘mllmstil</span> <span class='ocrx_word' id='word_1_423' title='bbox 1184 4454 1577 4623; x_wconf 64' lang='lat' dir='ltr'>“tl“it&#39;tziilll</span> 
     </span>
     <span class='ocr_line' id='line_1_41' title="bbox 435 4600 1184 4638; baseline -0.003 -3"><span class='ocrx_word' id='word_1_424' title='bbox 435 4602 448 4635; x_wconf 66' lang='lat' dir='ltr'><em>D</em></span> <span class='ocrx_word' id='word_1_425' title='bbox 877 4606 889 4638; x_wconf 69' lang='grc'>1</span> <span class='ocrx_word' id='word_1_426' title='bbox 1173 4600 1184 4633; x_wconf 71' lang='lat'><em>2</em></span> 
     </span>
     <span class='ocr_line' id='line_1_42' title="bbox 195 4578 1573 4747; baseline 0.001 -32"><span class='ocrx_word' id='word_1_427' title='bbox 195 4670 307 4721; x_wconf 87' lang='lat' dir='ltr'>comm.</span> <span class='ocrx_word' id='word_1_428' title='bbox 335 4651 372 4718; x_wconf 85' lang='lat' dir='ltr'>in</span> <span class='ocrx_word' id='word_1_429' title='bbox 393 4578 538 4740; x_wconf 54' lang='lat' dir='ltr'>onisqfie</span> <span class='ocrx_word' id='word_1_430' title='bbox 562 4652 754 4721; x_wconf 78' lang='lat' dir='ltr'>concretior</span> <span class='ocrx_word' id='word_1_431' title='bbox 789 4674 862 4722; x_wconf 89' lang='lat' dir='ltr'>nam</span> <span class='ocrx_word' id='word_1_432' title='bbox 887 4658 1023 4747; x_wconf 86' lang='lat' dir='ltr'>opponit</span> <span class='ocrx_word' id='word_1_433' title='bbox 1048 4644 1161 4730; x_wconf 55' lang='grc' dir='ltr'>θεῶν’</span> <span class='ocrx_word' id='word_1_434' title='bbox 1176 4646 1297 4729; x_wconf 62' lang='lat' dir='ltr'>tirno.</span> <span class='ocrx_word' id='word_1_435' title='bbox 1313 4653 1354 4722; x_wconf 62' lang='lat'>⁷2³</span> <span class='ocrx_word' id='word_1_436' title='bbox 1369 4638 1573 4725; x_wconf 45' lang='lat' dir='ltr'>&#39;sidilum</span> 
     </span>
     <span class='ocr_line' id='line_1_43' title="bbox 195 4745 1576 4842; baseline -0.004 -26"><span class='ocrx_word' id='word_1_437' title='bbox 195 4746 261 4817; x_wconf 91' lang='lat' dir='ltr'>Nec</span> <span class='ocrx_word' id='word_1_438' title='bbox 281 4748 368 4817; x_wconf 89' lang='lat' dir='ltr'>enim</span> <span class='ocrx_word' id='word_1_439' title='bbox 400 4745 550 4821; x_wconf 87' lang='lat' dir='ltr'>credibile</span> <span class='ocrx_word' id='word_1_440' title='bbox 584 4760 620 4821; x_wconf 83' lang='lat' dir='ltr'>tn</span> <span class='ocrx_word' id='word_1_441' title='bbox 653 4752 726 4823; x_wconf 86' lang='lat' dir='ltr'>viris</span> <span class='ocrx_word' id='word_1_442' title='bbox 760 4750 826 4822; x_wconf 81' lang='lat' dir='ltr'>fieri</span> <span class='ocrx_word' id='word_1_443' title='bbox 861 4756 1089 4821; x_wconf 83' lang='lat' dir='ltr'>concretionem</span> <span class='ocrx_word' id='word_1_444' title='bbox 1119 4800 1131 4830; x_wconf 92' lang='lat'>,</span> <span class='ocrx_word' id='word_1_445' title='bbox 1173 4768 1352 4819; x_wconf 87' lang='lat' dir='ltr'>remanente</span> <span class='ocrx_word' id='word_1_446' title='bbox 1377 4750 1484 4842; x_wconf 86' lang='lat' dir='ltr'>potius</span> <span class='ocrx_word' id='word_1_447' title='bbox 1508 4748 1576 4811; x_wconf 89' lang='lat' dir='ltr'>uri-</span> 
     </span>
     <span class='ocr_line' id='line_1_44' title="bbox 196 4837 1575 4945; baseline -0.003 -33"><span class='ocrx_word' id='word_1_448' title='bbox 196 4848 292 4915; x_wconf 88' lang='lat' dir='ltr'>nain</span> <span class='ocrx_word' id='word_1_449' title='bbox 321 4844 418 4917; x_wconf 78' lang='lat' dir='ltr'>vefiea</span> <span class='ocrx_word' id='word_1_450' title='bbox 436 4873 447 4915; x_wconf 82' lang='lat' dir='ltr'>a</span> <span class='ocrx_word' id='word_1_451' title='bbox 468 4852 500 4918; x_wconf 91' lang='lat' dir='ltr'>in</span> <span class='ocrx_word' id='word_1_452' title='bbox 524 4852 632 4945; x_wconf 83' lang='lat' dir='ltr'>pueris</span> <span class='ocrx_word' id='word_1_453' title='bbox 666 4866 774 4921; x_wconf 89' lang='lat' dir='ltr'>autem</span> <span class='ocrx_word' id='word_1_454' title='bbox 796 4893 808 4929; x_wconf 89' lang='lat'>‚</span> <span class='ocrx_word' id='word_1_455' title='bbox 830 4868 952 4921; x_wconf 78' lang='lat' dir='ltr'>excreta</span> <span class='ocrx_word' id='word_1_456' title='bbox 984 4844 1027 4919; x_wconf 93' lang='lat' dir='ltr'>ab</span> <span class='ocrx_word' id='word_1_457' title='bbox 1049 4852 1158 4921; x_wconf 87' lang='lat' dir='ltr'>eadem</span> <span class='ocrx_word' id='word_1_458' title='bbox 1186 4844 1312 4923; x_wconf 76' lang='lat' dir='ltr'>urfica,</span> <span class='ocrx_word' id='word_1_459' title='bbox 1336 4848 1458 4913; x_wconf 73' lang='lat' dir='ltr'>terina.</span> <span class='ocrx_word' id='word_1_460' title='bbox 1485 4837 1575 4909; x_wconf 88' lang='lat' dir='ltr'>Nam</span> 
     </span>
     <span class='ocr_line' id='line_1_45' title="bbox 197 4938 1577 5035; baseline -0.001 -24"><span class='ocrx_word' id='word_1_461' title='bbox 197 4948 396 5015; x_wconf 84' lang='lat' dir='ltr'>contineatur</span> <span class='ocrx_word' id='word_1_462' title='bbox 420 4968 515 5017; x_wconf 80' lang='lat' dir='ltr'>necne</span> <span class='ocrx_word' id='word_1_463' title='bbox 538 4950 631 5018; x_wconf 89' lang='lat' dir='ltr'>urina</span> <span class='ocrx_word' id='word_1_464' title='bbox 655 4950 687 5017; x_wconf 91' lang='lat' dir='ltr'>in</span> <span class='ocrx_word' id='word_1_465' title='bbox 713 4946 826 5027; x_wconf 82' lang='lat' dir='ltr'>refica,</span> <span class='ocrx_word' id='word_1_466' title='bbox 851 4972 917 5017; x_wconf 92' lang='lat' dir='ltr'>non</span> <span class='ocrx_word' id='word_1_467' title='bbox 941 4947 1055 5017; x_wconf 89' lang='lat' dir='ltr'>ideoin</span> <span class='ocrx_word' id='word_1_468' title='bbox 1080 4940 1211 5017; x_wconf 87' lang='lat' dir='ltr'>renibus</span> <span class='ocrx_word' id='word_1_469' title='bbox 1233 4946 1359 5034; x_wconf 81' lang='lat' dir='ltr'>cogitur</span> <span class='ocrx_word' id='word_1_470' title='bbox 1383 4940 1477 5035; x_wconf 80' lang='lat' dir='ltr'>lapis.</span> <span class='ocrx_word' id='word_1_471' title='bbox 1503 4938 1577 5009; x_wconf 87' lang='lat' dir='ltr'>Pla·</span> 
     </span>
    </p>
   </div>
   <div class='ocr_carea' id='block_1_3' title="bbox 196 5038 1577 5209">
    <p class='ocr_par' dir='ltr' id='par_1_3' title="bbox 196 5038 1577 5209">
     <span class='ocr_line' id='line_1_46' title="bbox 196 5038 1577 5209; baseline 0.006 -98"><span class='ocrx_word' id='word_1_472' title='bbox 196 5053 241 5111; x_wconf 85' lang='lat' dir='ltr'>cet</span> <span class='ocrx_word' id='word_1_473' title='bbox 263 5060 375 5115; x_wconf 88' lang='lat' dir='ltr'>autem</span> <span class='ocrx_word' id='word_1_474' title='bbox 399 5045 554 5125; x_wconf 81' lang='lat' dir='ltr'>Caleno,</span> <span class='ocrx_word' id='word_1_475' title='bbox 577 5046 610 5117; x_wconf 89' lang='lat' dir='ltr'>in</span> <span class='ocrx_word' id='word_1_476' title='bbox 637 5050 715 5123; x_wconf 82' lang='lat' dir='ltr'>ritis</span> <span class='ocrx_word' id='word_1_477' title='bbox 746 5050 978 5125; x_wconf 79' lang='lat' dir='ltr'>concretionem</span> <span class='ocrx_word' id='word_1_478' title='bbox 1001 5046 1113 5145; x_wconf 86' lang='lat' dir='ltr'>lapidis</span> <span class='ocrx_word' id='word_1_479' title='bbox 1144 5060 1257 5117; x_wconf 73' lang='lat' dir='ltr'>renum</span> <span class='ocrx_word' id='word_1_480' title='bbox 1281 5038 1338 5109; x_wconf 74' lang='lat' dir='ltr'>elle</span> <span class='ocrx_word' id='word_1_481' title='bbox 1369 5038 1577 5209; x_wconf 56' lang='grc' dir='ltr'>Ρῐῡὲῐῑᾶὲῑι</span> 
     </span>
     <span class='ocr_line' id='line_1_47' title="bbox 1485 5156 1504 5205; baseline 0 0"><span class='ocrx_word' id='word_1_482' title='bbox 1485 5156 1504 5205; x_wconf 91' lang='lat' dir='ltr'>a</span> 
     </span>
    </p>
   </div>
   <div class='ocr_carea' id='block_1_4' title="bbox 0 0 2222 6000">
    <p class='ocr_par' dir='ltr' id='par_1_4' title="bbox 0 0 2222 6000">
     <span class='ocr_line' id='line_1_48' title="bbox 0 0 2222 6000; baseline 0 3"><span class='ocrx_word' id='word_1_483' title='bbox 0 0 2222 6000; x_wconf 95' lang='lat' dir='ltr'> </span> 
     </span>
    </p>
   </div>
  </div>
 </body>
</html>
