4434 6000
433 453 600 574 traca
636 497 705 574 ns
742 499 1078 575 urrunnun
1114 497 1463 574 nunosrasr.
1525 511 1594 597 aa,

238 635 293 686 eus
326 630 463 686 tuentur
485 615 609 688 nullam
634 619 691 690 else
713 621 894 715 analogiam
920 627 1004 690 inter
1027 643 1088 717 pus
1120 623 1155 688 dt
1189 618 1429 697 sedimenrunr,
1465 616 1636 719 presertim

238 719 270 788 r'n
302 717 458 792 materia,
481 714 574 810 quod
598 740 659 814 pus
682 715 816 796 foetear,
841 719 1012 817 hypostasis
1036 744 1101 798 non
1125 715 1256 792 soeteat.
1282 723 1328 794 At
1353 725 1447 790 etiam
1480 741 1542 816 pus
1573 715 1636 788 lte·

236 831 303 886 turs
338 811 502 910 petiinrum
526 813 589 893 est,
613 817 698 888 unde
723 819 933 917 Hippocrates
957 821 1121 910 requirit,
1143 837 1181 888 ut
1204 833 1307 912 quam
1341 824 1475 889 minime
1505 813 1635 888 soeteat.

241 915 290 986 Ac
314 913 337 982 ιι
362 911 444 992 veiit'}
463 914 592 986 nullum
616 913 763 988 soetorcm
799 915 897 988 adesse
930 910 1073 996 debete,
1106 931 1146 986 ut
1169 912 1329 992 laudabile
1355 919 1569 1015 pusdieatur.
1594 916 1635 986 Et

244 1029 348 1084 tamen
374 1015 452 1106 quia
476 1013 615 1109 putredo
639 1017 792 1110 insignior
815 1014 901 1096 suit,
925 1017 959 1082 δι
985 1015 1097 1086 catoris
1121 1033 1234 1088 eontra
1259 1034 1411 1088 naturam
1446 1020 1548 1104 major
1581 1018 1633 1088 vis

237 1116 401 1208 paruede,
425 1130 525 1202 quam
551 1114 583 1180 in
608 1119 738 1187 materia
762 1109 980 1213 hypostaseos,
1004 1115 1075 1184 ideo
1098 1114 1242 1208 reliquus
1262 1113 1308 1186 eli
1332 1111 1430 1186 soetot
1462 1118 1497 1183 in
1531 1133 1632 1208 pure,
1772 1134 1774 1137 ·

239 1211 370 1290 nullus,
392 1227 450 1280 aut
474 1203 692 1284 subobscurus
716 1217 750 1282 in
775 1212 951 1309 hypostasi.
978 1211 1058 1284 Non
1091 1230 1261 1308 propterea
1284 1231 1391 1284 tamen
1414 1213 1544 1306 colligas
1578 1212 1632 1282 di·

240 1309 360 1383 versam
386 1307 444 1379 elie
466 1313 632 1382 materiam
660 1318 750 1408 puris
774 1314 808 1378 δι
835 1303 1032 1408 hypostaseos
1056 1313 1089 1378 in
1115 1313 1230 1404 aegris.
1268 1312 1359 1380 Puris
1391 1314 1551 1404 generatio
1581 1334 1634 1380 eo,

240 1401 306 1480 &id
330 1405 434 1482 est&
461 1407 654 1504 putresabiio
678 1409 827 1504 quedam
845 1455 859 1490 ,
880 1428 915 1481 at
939 1403 1099 1480 sedimenri
1123 1411 1285 1503 gaumario
1308 1407 1353 1480 est
1387 1413 1495 1505 potius
1528 1407 1633 1478 ιοᾶιο

239 1510 274 1576 de
300 1506 475 1582 alteratio,
499 1531 565 1578 nun
591 1510 636 1576 ira
669 1503 888 1605 putresadiio.
926 1509 966 1578 Et
997 1523 1105 1580 tamen
1137 1507 1311 1605 hypostasis
1345 1509 1556 1604 purulentum
1588 1505 1634 1577 est

233 1605 351 1700 quid,
377 1598 428 1672 sed
452 1602 521 1675 idea
543 1601 702 1678 diuersum
725 1630 745 1677 a
771 1629 846 1681 vero
871 1599 1065 1678 abscessuum
1090 1629 1194 1704 pure.
1221 1607 1306 1678 Hoc
1328 1610 1426 1678 etiam
1459 1605 1632 1683 addemus,

237 1729 259 1774 a
284 1725 367 1801 pure
389 1697 563 1773 nonabsit
587 1700 703 1784 smrot,
728 1699 951 1801 abnyponm
976 1701 1083 1786 abeli,
1107 1706 1204 1802 idque
1235 1729 1256 1778 a
1289 1707 1352 1776 line
1368 1756 1383 1778 .
1413 1705 1503 1776 Nam
1538 1707 1635 1774 initio

239 1804 455 1896 generationis
479 1803 588 1896 puris,
612 1807 646 1872 dr
675 1807 813 1901 putredo
836 1823 1000 1884 remanet,
1024 1807 1059 1871 &
1085 1809 1220 1874 omnino
1243 1829 1308 1874 non
1332 1802 1417 1882 vida
1441 1801 1485 1872 esi
1508 1805 1542 1872 in
1569 1804 1634 1873 titre

238 1901 337 1998 ipsius
360 1903 599 1996 generationis,
620 1923 731 1974 contra
765 1907 798 1972 in
833 1899 990 1999 hypostase
1023 1903 1159 1976 event.
1192 1905 1281 1973 Nam
1290 1903 1347 1982 ‚ad
1379 1905 1475 1972 tinem
1510 1902 1660 1972 amittit

239 2021 372 2070 omnem
398 1999 619 2098 putredinem:
644 1997 750 2072 Causa
773 2003 873 2088 hujus
896 2003 939 2070 rei
963 1997 1007 2068 est
1033 2003 1080 2070 vis
1103 2021 1141 2070 ea
1164 2000 1277 2068 emotis
1301 2002 1425 2076 nativi,
1457 2011 1529 2091 que
1561 2020 1632 2070 ma·

238 2103 288 2188 jor
313 2096 358 2170 eli
380 2102 414 2170 in
440 2101 516 2172 vasu
540 2100 574 2167 dt
602 2093 773 2174 visceribus
796 2119 898 2192 quarn
920 2113 1009 2168 extra
1033 2081 1105 2170 uasa
1125 2141 1137 2174 ,
1161 2101 1196 2164 δι
1229 2099 1264 2167 in
1296 2091 1440 2193 partibus
1468 2100 1630 2172 extimis.

240 2198 342 2268 Unde
367 2221 472 2293 quum
497 2203 600 2283 major
622 2197 665 2266 eli
691 2197 828 2294 putredo
852 2197 1113 2272 &·acrimonia‚
1128 2211 1242 2266 natura
1267 2197 1357 2292 pellit
1379 2191 1483 2265 sosas.
1508 2194 1545 2263 ld
1568 2187 1631 2264 ab·

238 2290 395 2374 stetinum
420 2295 454 2362 ιι
481 2293 658 2366 adediuum
681 2313 888 2366 coeterorum
913 2311 1085 2391 prouentus
1109 2293 1260 2364 indicat.
1293 2296 1387 2366 lntus
1411 2315 1487 2366 vero
1520 2289 1631 2364 omnia

234 2393 354 2464 metius
377 2390 659 2468 administrantur,
681 2407 738 2464 nec
760 2411 828 2464 tarn
853 2384 1021 2466 insolenter
1045 2387 1103 2462 sose
1128 2396 1264 2462 materiae
1288 2393 1423 2490 putredo
1445 2391 1562 2481 jastare
1579 2384 1631 2459 so·

239 2495 307 2570 let,
335 2498 371 2560 in
394 2482 542 2584 partibus
564 2495 685 2564 extimis
709 2492 794 2564 calor
818 2509 929 2565 contra
952 2510 1102 2562 naturam
1124 2511 1283 2562 coercetur
1306 2498 1342 2564 io
1366 2486 1425 2560 suo
1459 2486 1633 2579 subires,

239 2611 275 2660 at
303 2596 338 2660 in
362 2613 492 2688 corpore
512 2595 641 2662 interno
663 2593 875 2689 expanditur,
899 2614 956 2664 nec
979 2594 1024 2664 ita
1048 2609 1231 2664 currerem,
1253 2588 1305 2660 Sic
1328 2614 1350 2662 a
1372 2613 1453 2688 pute
1487 2593 1539 2663 uix
1570 2589 1630 2659 de·

239 2690 393 2787 pellitur,
417 2684 460 2760 ab
485 2685 643 2787 hypostasi
667 2689 771 2762 saciie.
803 2690 927 2762 Accedit
952 2690 1041 2784 quod
1066 2691 1172 2784 liquot
1206 2689 1302 2786 ipsius
1337 2696 1435 2762 urinae
1469 2687 1630 2782 quodam·

239 2789 343 2858 modo
371 2787 466 2860 diluit
492 2792 673 2866 materiam,
697 2797 734 2862 δι
757 2792 778 2858 ιι
802 2795 876 2885 quis
899 2785 994 2860 smtot
1018 2792 1154 2859 nonita
1179 2790 1429 2885 precipitante
1453 2788 1475 2856 st
1499 2787 1630 2879 conglo-

237 2905 362 2956 merata
386 2885 559 2978 cordaque
584 2892 619 2958 &
644 2883 710 2958 sola
734 2883 930 2986 hypostaseos
954 2891 1086 2958 materia
1109 2905 1355 2958 excernetetur.
1392 2889 1433 2956 Et
1464 2906 1501 2954 ca
1525 2884 1629 2979 hypo·

238 2984 324 3056 siasrs
358 3008 430 3081 qua
464 2985 639 3057 declinante
672 2981 787 3059 morbo
822 3008 954 3085 apparet
984 2987 1129 3059 eumdem
1162 3009 1299 3057 numero
1332 2977 1429 3055 habet
1465 2986 1630 3054 materiam

238 3108 339 3176 quam
363 3086 397 3151 dt
422 3084 504 3155 illud
528 3086 768 3159 tensamentum
792 3088 883 3182 quod
909 3092 1036 3183 uigente
1070 3078 1186 3153 morbo
1220 3076 1387 3153 confusum
1401 3128 1416 3161 ,
1445 3076 1633 3163 divulsum,

235 3183 469 3353 {ilidii
485 3204 684 3363 iiiiii?
697 3210 785 3377 §lt
801 3184 1145 3374 t‘tltill'llt
1170 3183 1236 3351 ii,
1249 3184 1340 3349 qiiff
1369 3176 1629 3375 illitati?

239 3378 342 3458 serat,
362 3378 447 3449 iliud
472 3372 618 3455 bifariam
643 3376 720 3449 solvi
746 3377 863 3476 potest.
891 3380 950 3447 iiio
975 3381 1045 3447 iooo
1071 3378 1220 3448 Galenus
1240 3380 1374 3447 maxime
1408 3383 1476 3473 agit
1514 3380 1554 3446 de
1588 3401 1629 3447 eo

239 3474 412 3551 sedimento
436 3480 526 3570 quod
539 3474 593 3549 ab
618 3480 754 3555 humore
775 3478 878 3547 crudo
902 3476 945 3547 est
968 3467 1216 3569 subterfugiente
1238 3476 1440 3556 codionem,
1460 3481 1494 3544 dt
1513 3478 1546 3544 id
1557 3498 1629 3545 ma·

240 3584 328 3649 xime
353 3578 386 3645 in
411 3570 492 3645 sanis
514 3579 738 3649 audiendum:
765 3578 846 3647 Non
861 3578 947 3645 enim
972 3580 1081 3646 omnia
1101 3580 1219 3645 unuin
1247 3576 1319 3644 loco
1342 3596 1498 3669 exponere
1522 3572 1628 3647 voluit

240 3676 314 3745 Gal.
339 3696 539 3769 quamquam
557 3695 595 3749 ut
618 3695 794 3747 occurreret
813 3676 921 3743 multis
945 3670 1186 3745 difficultatibus
1200 3695 1275 3764 quae
1291 3673 1366 3743 irinc
1381 3676 1549 3751 oriuntur,
1573 3672 1630 3741 de·

240 3769 356 3846 buetat
379 3776 503 3869 plenius
517 3796 618 3845 totam
652 3797 716 3845 rem
752 3775 898 3847 desinire.
925 3772 996 3842 Aut
1019 3775 1162 3843 dicemus
1189 3771 1551 3867 putredinishmareriam
1571 3768 1633 3861 hy·

243 3864 398 3968 postaseos
420 3872 476 3941 eise
502 3878 710 3971 participem,
734 3866 871 3943 sedeam
888 3877 921 3939 in
942 3874 1003 3944 fine
1026 3870 1166 3945 tristam
1197 3869 1291 3971 plape
1314 3873 1349 3939 &
1380 3869 1492 3937 caloris
1520 3885 1633 3938 eontra

242 3990 394 4041 naturam
412 3978 479 4041 uim
499 3976 631 4043 omnino
645 3972 703 4043 ene
724 3966 880 4041 stadam.
907 3972 953 4039 At
967 3975 1003 4039 in
1023 3991 1100 4067 pure
1124 3989 1201 4041 uero
1234 3970 1414 4037 etiamnum
1443 3966 1555 4037 caloris
1586 3964 1629 4035 il-

240 4070 305 4139 lius
337 4070 427 4164 ptari
462 4068 591 4163 vestigia
624 4067 769 4168 impressa
793 4084 947 4137 manent:-
978 4069 1012 4133 dt
1039 4066 1119 4163 quid
1151 4068 1192 4135 de
1223 4060 1405 4143 sanorum,
1431 4073 1472 4137 in
1505 4058 1629 4158 quibus

242 4167 334 4239 nulla
360 4166 504 4262 putredo
523 4170 587 4245 esi,
610 4167 766 4267 hypostasi
788 4160 926 4254 objicit,
946 4165 1024 4234 illud
1049 4164 1252 4235 ridiculum:
1275 4166 1366 4258 quod
1399 4180 1437 4232 ut
1470 4162 1629 4257 intelliga-

243 4286 299 4337 tur
325 4264 459 4357 tenenda
485 4257 558 4336 suot
582 4288 618 4335 ea
652 4290 726 4363 qua
756 4282 830 4335 ante
864 4264 1004 4334 diximus
1033 4266 1073 4335 de
1099 4259 1259 4333 sedimenri
1289 4269 1426 4333 materiae
1451 4263 1630 4335 diversitate

244 4369 277 4435 in
305 4360 389 4435 sartis
410 4365 445 4429 de
475 4364 511 4429 in
531 4368 648 4459 agris.
685 4365 733 4435 Ac
775 4366 893 4433 mitum
928 4357 972 4431 est
999 4372 1069 4456 quo
1102 4362 1201 4431 modu
1226 4356 1440 4433 laborantium
1473 4361 1632 4431 contradi-

244 4464 335 4535 otndi
360 4458 469 4534 studio
487 4468 614 4537 animus
632 4466 681 4535 ita
698 4458 1042 4557 masuersusagatum
1058 4478 1098 4535 ut
1120 4464 1153 4532 in
1169 4465 1359 4555 ignotantiae
1386 4452 1524 4532 latebras
1551 4451 1632 4559 ssepe
1730 4468 1739 4487 ‘

244 4581 406 4637 ttrcuttat.
1252 4623 1257 4635 .

295 4666 345 4734 Ae
363 4662 490 4735 tardem
515 4684 552 4737 nt
573 4666 807 4739 commentandi
827 4664 925 4741 finem
948 4660 1121 4746 satiamus,
1146 4662 1233 4735 liert
1247 4658 1375 4755 aliquot
1396 4652 1632 4747 objrdiionesa

245 4754 340 4832 uubis
362 4764 396 4830 in
421 4762 578 4839 Galenurn
600 4764 773 4864 produdas
787 4764 964 4841 diluamus.
991 4772 1038 4839 Er·
1053 4760 1176 4858 quibus
1191 4768 1257 4847 jam
1284 4762 1432 4853 quadam
1462 4752 1633 4824 debilitatae

246 4855 345 4939 stent,
368 4860 438 4931 alie
468 4864 576 4937 adbuc
600 4868 900 5061 ιιῶξὶἱιωκπιιιιιιιιιι.
939 4870 1001 4939 He
1027 4864 1083 4933 nist
1106 4861 1337 4936 dissolvantur,
1365 4879 1426 4953 pto
1448 4846 1634 4929 membris}

243 4973 361 5034 torna
377 4958 538 5081 Galerium
556 4982 602 5063 pu
1536 5044 1588 5125 λι
