4434 6000
638 478 713 545 266
850 466 1252 544 GULIELMI
1311 455 1726 536 BALLON‘ii,

643 605 692 675 Α(
717 603 857 702 primum
884 599 963 672 iliud
987 599 1183 670 adduximus
1206 594 1382 693 hypossafin
1407 615 1446 663 ex
1468 595 1617 691 opinione
1641 594 1716 664 Gal.
1750 588 1850 662 utusae
1876 608 1990 689 prater

592 721 746 774 naturam
770 701 916 772 noneste
942 703 1159 797 participem:
1185 695 1246 765 hoc
1271 699 1293 764 sr
1318 714 1433 764 verum
1460 693 1525 773 (11,
1548 716 1605 764 cur
1630 694 1778 786 analogia
1803 693 1871 761 bac
1899 697 1988 787 parit

584 808 626 878 n&
651 795 848 902 hypostaseos
869 800 1022 870 statuitur
1046 819 1112 865 non
1137 794 1235 864 modo
1271 815 1362 891 pnes
1386 810 1479 862 notas
1509 792 1577 860 trias
1609 788 1821 890 conspicuas·³
1856 785 1911 860 sed
1939 811 1987 886 pt·

591 923 646 971 nes
672 896 877 974 substantiam
905 893 1033 996 ipsam:
1059 897 1120 966 hoe
1145 910 1254 964 autem
1278 892 1388 992 paralio
1410 910 1484 962 ante
1508 885 1635 960 abunde
1666 892 1860 986 explicatum
1894 911 1989 986 pota-

590 1021 686 1072 mus.
709 999 891 1073 Secundum
917 995 962 1067 eii
985 997 1024 1066 de
1048 986 1218 1064 sudoribus
1243 1018 1252 1062 e
1277 996 1299 1061 sc
1321 997 1369 1062 ita
1392 994 1597 1085 graveolent,
1621 1013 1678 1058 cut
1700 991 1798 1061 altera
1821 1011 1899 1087 pars
1920 1011 1986 1058 ma·

590 1102 677 1173 terite,
699 1119 772 1197 qua
795 1100 831 1166 itt
853 1094 1031 1192 hypostasin
1053 1094 1153 1170 cedit,
1176 1098 1212 1163 &
1234 1116 1309 1188 qua
1333 1095 1479 1193 putruit,
1500 1115 1568 1160 nou
1588 1091 1769 1182 graveoiet't
1793 1094 1898 1158 immo
1921 1111 1983 1157 ma·

593 1201 673 1268 teria
699 1219 773 1289 qua
806 1189 975 1266 abscessum
1008 1198 1042 1264 δι
1075 1186 1244 1292 presertim
1278 1192 1502 1290 phlegmonem
1533 1194 1652 1286 parit,
1686 1212 1724 1258 ex
1757 1184 1785 1256 se
1816 1182 1985 1258 laudabiiir

594 1298 656 1376 eii,
682 1313 721 1367 ut
746 1288 891 1390 sanguis,
915 1289 964 1363 sed
989 1315 1008 1362 a
1033 1286 1089 1362 suo
1111 1293 1184 1360 ioco
1208 1310 1297 1360 mota
1321 1283 1418 1359 causa
1443 1308 1554 1386 prater
1570 1305 1717 1358 naturam
1744 1291 1900 1384 particeps
1924 1286 1981 1364 eti,

594 1413 706 1468 eontra
730 1403 863 1466 ‘materia
888 1388 1025 1462 febrium
1052 1391 1191 1487 maligna
1212 1388 1257 1460 est
1280 1388 1486 1484 aliquando,
1509 1389 1675 1482 quomodo
1700 1391 1812 1480 itaque
1835 1385 1980 1483 hyposta-

594 1496 642 1566 fin
679 1511 836 1589 expertem
861 1492 982 1568 foetoris
1006 1491 1202 1564 committit,
1223 1509 1330 1583 quum
1355 1509 1417 1584 pua
1441 1481 1544 1582 ipsum
1578 1482 1735 1556 laudabile
1760 1483 1906 1557 foeteata
1936 1481 1980 1554 td

596 1593 664 1666 hac
688 1613 820 1686 quoque
845 1595 925 1664 ratio
950 1583 1078 1660 abunde
1102 1583 1270 1659 confutata
1294 1585 1361 1657 (11.
1385 1586 1535 1654 Tertittm
1567 1586 1610 1655 eii
1635 1587 1716 1654 iliud
1739 1587 1833 1679 quod
1860 1591 1897 1654 &
1921 1589 1978 1654 Ga·

597 1693 689 1764 lenus
712 1686 863 1764 aduersus
884 1687 1104 1761 Etafistratum
1128 1671 1319 1780 contocqu'et
1338 1709 1351 1754 ·.
1371 1685 1465 1757 iiiam
1515 1685 1701 1782 eprehendit
1732 1685 1823 1779 quod
1849 1687 1977 1756 crederet

598 1787 806 1860 sedimentum
842 1793 877 1860 in
908 1784 1154 1858 febricitantium
1185 1788 1278 1876 iotiia
1305 1808 1371 1853 nott
1401 1707 1527 1854 suctudr
1564 1786 1705 1855 crudum
1735 1783 1795 1856 (11(
1815 1781 1871 1852 1((1
1897 1807 1977 1882 pot:

598 1888 725 1960 Contra
749 1909 853 1965 vero,
871 1891 916 1958 ait
941 1885 1012 1955 Gai.
1039 1881 1168 1955 succum
1188 1885 1327 1954 crudum
1350 1880 1408 1952 (11(
1426 1923 1442 1952 2
1471 1900 1569 1976 atque
1606 1889 1639 1953 ia
1661 1903 1734 1954 eam
1758 1905 1826 1954 tem
1861 1886 1977 1953 adducit

560 2031 563 2037 ·
590 1989 779 2084 exetnplurn
804 2005 917 2056 eorum
942 1987 1001 2078 qui
1025 1980 1053 2056 1(
1078 1983 1212 2080 implent
1238 1976 1317 2052 cibit
1341 1983 1374 2047 ὃ(
1401 1983 1471 2049 otio
1492 2001 1652 2080 torpent.
1678 1983 1767 2052 Nam
1790 1987 1979 2080 corpulentus

598 2088 709 2158 urinas
732 2078 868 2165 habent,
895 2089 928 2157 de
954 2081 1130 2178 hypossafin
1154 2079 1290 2151 multam
1311 2107 1322 2150 t
1345 2080 1378 2148 id
1409 2099 1518 2149 autem
1543 2107 1608 2151 non
1639 2079 1683 2151 est
1706 2103 1803 2178 put,
1832 2083 1904 2153 lieet
1921 2089 1977 2167 qiu

600 2203 690 2256 notas
715 2179 849 2265 restrae,
871 2177 924 2252 sed
948 2178 1060 2253 succus
1085 2183 1223 2252 crudus.
1249 2181 1301 2249 Sic
1326 2178 1466 2248 Galenus
1500 2176 1562 2278 ipse
1586 2182 1714 2251 ridetur
1746 2186 1878 2252 innuere
1908 2180 1977 2250 iilud

600 2281 705 2378 ipsum
730 2285 821 2379 quod
846 2285 878 2351 iu
903 2265 1148 2352 febricitantium
1174 2282 1276 2350 urinis
1297 2297 1429 2374 apparet
1453 2279 1510 2346 eiie
1532 2299 1657 2374 partem
1682 2275 1768 2350 succi
1801 2283 1892 2350 crudi
1914 2281 1975 2360 ‚dt

600 2384 744 2453 eamdem
769 2385 826 2453 effe
851 2385 1015 2452 materiam
1041 2384 1074 2449 ia
1099 2377 1175 2448 sanis
1201 2384 1234 2448 &
1259 2381 1292 2448 iu
1316 2379 1580 2471 :egritatAiioqui
1603 2379 1688 2449 maie
1709 2377 1982 2451 [numerumn-

601 2483 768 2582 prehendit
788 2489 855 2550 :'at
879 2503 945 2550 non
968 2481 1039 2549 ideo
1064 2479 1262 2578 reprehendit
1286 2475 1527 2554 firmitatum,
1551 2479 1644 2573 quod
1667 2502 1731 2548 non
1750 2480 1903 2549 existimet
1924 2477 1983 2568 by-

599 2574 757 2679 poiiaseos
782 2580 943 2650 materiam
968 2597 1091 2676 partem
1117 2575 1172 2647 etit
1197 2577 1341 2645 humoris
1366 2571 1552 2656 morbifici,
1587 2573 1640 2647 sed
1666 2581 1815 2670 quoniam
1836 2573 1983 2647 abbione

598 2681 820 2775 pronuntiavit
855 2699 915 2775 pus
938 2679 1011 2748 (11(Ι
1039 2679 1084 2747 Α(
1109 2674 1220 2746 succus
1242 2675 1364 2744 ttudua
1393 2675 1438 2745 eii
1472 2671 1549 2773 sape
1571 2680 1630 2771 qui
1660 2679 1837 2747 mirificatus
1864 2676 1980 2744 eitara-

600 2777 716 2849 ereren
743 2783 810 2850 veri
833 2777 923 2876 puris
946 2781 1084 2875 recipit:
1118 2782 1152 2847 &
1176 2792 1282 2844 tumen
1319 2795 1391 2872 para
1413 2771 1458 2844 est
1482 2777 1629 2845 humoris
1660 2771 1811 2844 morbum
1838 2776 1981 2842 commit·

602 2879 696 2948 tentis
718 2871 728 2944 ι’
751 2877 808 2947 etsi
829 2879 964 2947 omuino
988 2879 1121 2947 materia
1142 2871 1314 2961 conjunt‘ta
1337 2895 1403 2941 non
1425 2872 1491 2951 est,
1512 2873 1628 2946 saitem
1649 2875 1697 2944 eii
1727 2873 1906 2945 antecedens
1921 2877 1979 2950 ‚dt

573 3057 578 3070 ,
601 3000 678 3071 qua
701 2970 858 3048 morbum
880 2971 966 3047 fovet
989 2997 1093 3073 quum
1116 2974 1252 3045 calorem
1276 2989 1389 3044 contra
1411 2989 1558 3043 naturam
1580 2977 1713 3074 recepit.
1737 2977 1788 3045 Sic
1810 2978 1893 3044 enim
1910 2990 1977 3040 runc

602 3077 719 3146 dicitur
742 3072 840 3149 eausa:
865 3094 979 3171 praeter
1001 3094 1149 3145 naturam
1173 3077 1344 3171 particeps.
1370 3070 1460 3143 Nam
1485 3096 1588 3169 quum
1611 3094 1686 3169 pate
1710 3076 1853 3145 menia
1874 3064 1977 3141 dikas-

602 3172 636 3241 sa
661 3172 706 3243 etr
730 3176 760 3241 in
787 3172 999 3275 paroxysmis,
1020 3176 1118 3243 altera
1144 3196 1215 3274 pars
1239 3175 1349 3272 incipit
1373 3191 1515 3270 putrere.
1541 3175 1582 3245 Et
1601 3177 1680 3244 iicet
1698 3174 1831 3244 humor
1857 3174 1893 3241 iit
1911 3191 1975 3238 eru·

605 3271 667 3338 dus
691 3272 783 3339 initio
806 3291 959 3372 concepto
986 3275 1086 3342 calore
1112 3292 1225 3370 pretet
1249 3290 1396 3342 naturam
1423 3276 1528 3369 putrit
1547 3272 1689 3353 dicitur,
1709 3274 1744 3341 de
1771 3289 1861 3342 errat
1879 3274 1971 3339 Peme·

595 3368 668 3441 iius
692 3377 754 3465 qui
777 3372 909 3439 omnino
933 3370 1032 3440 credit
1057 3374 1227 3441 materiam
1255 3363 1364 3440 morbi
1393 3370 1574 3470 hypostasin
1604 3396 1669 3441 nott
1692 3375 1918 3448 committere,
1941 3368 1975 3431 ὅ(

604 3470 742 3537 omnino.
764 3466 946 3567 hypostasin
966 3467 1024 3541 (11(
1047 3468 1086 3540 de
1110 3468 1266 3538 alimento
1286 3469 1381 3566 quod
1401 3475 1487 3567 capit
1509 3492 1614 3564 ager.
1634 3473 1688 3542 Ut
1709 3490 1791 3543 tune
1809 3492 1915 3565 quum
1930 3488 1976 3563 tp

602 3586 700 3667 paret
721 3566 760 3639 iit
783 3568 909 3661 figarum
934 3571 1235 3641 vincentianarum
1260 3574 1294 3638 &
1318 3561 1419 3640 causa
1441 3587 1553 3639 contra
1577 3588 1727 3641 naturam
1759 3578 1878 3663 jugum
1896 3586 1977 3638 extu·

604 3669 732 3738 cientis.
757 3670 877 3757 Quum
899 3685 1008 3737 autem
1031 3666 1148 3739 dicitur
1171 3668 1280 3737 eadem
1301 3666 1359 3736 (11(
1383 3670 1418 3738 in
1451 3664 1535 3739 sanis.
1554 3674 1590 3741 &
1614 3674 1651 3740 in
1680 3675 1774 3760 agris
1796 3659 1980 3765 hypostaseos

602 3768 764 3848 materia„
780 3768 866 3837 iilud
887 3766 1123 3861 homonymum
1145 3764 1212 3833 etr.
1253 3766 1324 3834 Nec
1344 3771 1437 3836 enim
1455 3768 1562 3837 eadem
1596 3769 1714 3840 dicitur
1735 3775 1859 3837 materia
1890 3759 1982 3856 quod

602 3866 747 3935 alimenti
769 3864 864 3959 quod·
885 3870 1011 3967 eapitur
1035 3867 1071 3936 tit
1097 3866 1196 3937 veluti
1216 3864 1383 3958 reliquum.
1403 3866 1515 3959 quid,
1551 3861 1603 3936 sed
1625 3868 1716 3963 quod
1738 3886 1810 3964 part
1830 3865 1876 3932 fit
1893 3858 1986 3930 erudi

603 3960 707 4036 succi„
728 3967 776 4036 Α(
798 3968 837 4033 in
855 3958 935 4032 sanic
957 3969 1108 4053 majorem
1129 3958 1230 4034 habet
1252 3964 1483 4045 tatinuunnn,
1500 3967 1535 4035 in
1558 3972 1651 4061 agris
1674 3990 1744 4035 non
1761 3984 1837 4035 tatu.
1852 3962 1917 4034 iate
1936 3978 1986 4055 pa·

602 4078 670 4132 tet.
693 4062 789 4133 Nam
811 4066 851 4132 itt
872 4058 955 4131 scania
975 4062 1001 4133 st
1021 4065 1106 4156 quid
1129 4082 1295 4163 peccatur,
1317 4058 1524 4136 sedimentum
1547 4068 1605 4137 (11(
1627 4061 1724 4137 debet
1747 4066 1908 4157 quoniam
1919 4079 1983 4127 cru·

598 4158 688 4229 ditas.
706 4158 752 4229 est
773 4162 890 4256 aliqua
909 4182 984 4255 quae
1008 4160 1193 4235 coctionem
1214 4164 1334 4257 effugit
1355 4183 1363 4228 ε
1389 4168 1424 4232 in
1450 4166 1547 4257 egris
1572 4171 1683 4235 omnir
1704 4160 1771 4235 fere
1797 4160 1905 4234 succos
1921 4178 1986 4227 ttu-

447 4243 461 4265 *
601 4257 672 4331 dus,
690 4262 754 4353 qui,
772 4264 807 4332 in
830 4246 1016 4332 mesentcrio
1035 4266 1072 4333 &
1095 4257 1246 4363 partibus.
1274 4264 1392 4336 vicinis.
1419 4262 1499 4333 iatet
1527 4260 1638 4335 morbi
1668 4281 1753 4360 apta
1784 4264 1915 4333 mantia
1939 4254 1991 4326 tiit

499 4390 505 4429 r
602 4359 746 4431 creditur
770 4384 784 4425 .·
809 4360 895 4433 uode
917 4360 978 4427 nist
999 4358 1108 4432 statim.
1128 4364 1325 4438 occurrerit,
1353 4361 1397 4432 ’δι
1418 4362 1443 4430 fi
1464 4364 1573 4433 siveris.
1600 4365 1742 4433 eaiorem
1764 4382 1888 4434 contra
1906 4374 1985 4429 natu·

594 4478 680 4526 uam.
700 4464 739 4529 in
758 4478 881 4557 corpua
897 4478 1012 4551 agere,¹
1030 4455 1171 4529 morbus
1190 4462 1407 4558 producitur„
1420 4468 1511 4554 quia
1531 4469 1640 4535 omnir
1657 4462 1788 4537 crudus
1810 4462 1919 4534 succus
1930 4480 1985 4525 cor·

599 4559 694 4659 potia
711 4572 852 4628 tentatur
876 4580 901 4629 a
919 4552 1016 4628 causa
1035 4578 1154 4631 contra
1172 4579 1320 4631 naturam
1332 4606 1348 4626 ..
1365 4558 1406 4627 si.
1448 4584 1552 4631 aucus.
1569 4564 1694 4632 hanon
1715 4583 1861 4659 pararet
1882 4559 1983 4635 (11,ι’ς

599 4654 777 4755 postquam·
795 4662 957 4755 impetum
977 4652 1050 4729 1((1(
1062 4704 1077 4735 ,,
1098 4661 1303 4756 reprimitur,
1325 4679 1382 4756 rep
1436 4682 1477 4731 us.
1497 4656 1649 4734 morbum
1674 4664 1775 4732 finit.
1801 4668 1848 4736 Et
1969 4685 1981 4701 ·

598 4760 663 4827 aea:
677 4755 774 4826 aliud
793 4755 854 4829 eiie
873 4754 1019 4827 diximua
1035 4758 1232 4830 considerare
1250 4756 1434 4856 hypostatica.
1460 4766 1500 4830 in·
1526 4769 1635 4835 acutia
1653 4766 1693 4833 &
1715 4755 1848 4837 biiioiia
1866 4788 1898 4832 m
1947 4760 1980 4824 ἰ

585 4852 695 4925 ‘muci
716 4862 755 4925 itt.
774 4856 952 4927 chronicis.
975 4854 1071 4925 Natu
1091 4858 1132 4926 itt.
1149 4857 1310 4929 chronicis
1337 4881 1406 4927 non.
1437 4856 1485 4928 est
1515 4882 1588 4932 una
1613 4860 1751 4958 iimpiet
1776 4866 1915 4937 mantia
1931 4858 1979 4924 tit·

595 4952 715 5033 uada„
736 4948 792 5027 sed
812 4954 985 5057 multiplea
1004 4978 1020 5027 c
1040 4958 1153 5030 immo
1171 4954 1362 5080 alimentum.
1382 4958 1473 5057 quod
1489 4964 1616 5062 capitur
1640 4955 1778 5035 muscam
1802 4959 1979 5039 morbiina

1875 5058 1937 5159 stt
