4434 6000
664 558 734 628 rte
871 555 1276 631 GULIELMI
1326 552 1735 636 sticourt,

613 687 747 763 transit,
771 701 808 756 ut
833 689 936 784 l-lipp.
962 699 1075 760 notat,
1095 705 1139 754 an
1164 683 1293 753 materia
1318 681 1486 752 Arthtitid.
1510 685 1573 768 jam
1598 685 1630 752 in
1654 677 1712 750 suo
1729 673 1815 748 fonte
1840 674 1925 744 mala
1943 695 2000 744 tu·

614 787 778 856 niculatitn
804 808 859 882 pet
881 781 1003 853 summa
1026 784 1168 878 corporis
1189 781 1357 859 tranfiens,
1381 782 1426 850 nil
1452 781 1525 850 mali
1549 781 1654 852 afferet
1677 771 1889 849 transeundo!
1910 777 1959 844 fit
1981 795 2000 844 a

616 889 705 954 uenis
732 886 840 954 sinceri
866 886 1018 953 humores
1040 899 1188 957 manant,
1214 903 1279 950 non
1303 901 1322 950 a
1346 873 1413 948 solo
1435 885 1565 978 capite,
1600 885 1633 951 δι
1659 881 1680 946 ii
1704 870 1745 946 ab
1769 875 1901 943 internis
1925 895 2000 970 pro·

617 978 691 1052 fecii
715 987 748 1052 in
772 1003 900 1054 externa
924 974 1074 1054 sariunt.
1101 980 1142 1050 Et
1166 983 1200 1048 in
1227 983 1368 1077 Hippot.
1394 979 1580 1048 dominatur
1604 980 1721 1048 humor
1746 971 1912 1042 aduiiione
1937 995 2001 1041 me-

616 1081 828 1152 laticholicam
851 1102 999 1151 naturam
1022 1081 1173 1176 adeptus,
1195 1084 1287 1167 cujus
1309 1098 1346 1148 ea
1369 1074 1474 1148 feritas
1507 1097 1545 1146 ut
1568 1093 1768 1172 quamquam
1791 1066 1901 1140 sanam
1930 1095 2000 1168 par·

617 1197 682 1248 tem
708 1200 871 1277 appetat,
900 1203 970 1248 eam
995 1185 1135 1247 maxime
1167 1173 1319 1271 affligat.
1353 1179 1446 1266 Quid
1482 1178 1611 1247 minima
1636 1177 1817 1270 quantitate
1840 1173 1873 1238 in
1901 1193 2000 1240 mam·

617 1282 676 1347 rnis
700 1276 797 1348 facit?
820 1279 913 1369 Qid
937 1281 970 1346 in
996 1274 1077 1346 suris
1098 1273 1250 1347 tibiarum
1277 1275 1459 1346 ilatulentus
1483 1281 1548 1362 ejus
1573 1270 1727 1374 spititusi
1764 1261 1903 1329 onnus
1929 1266 1996 1340 facit

616 1399 682 1442 non
707 1374 867 1448 inferiores
889 1377 1091 1446 rirthritidei
1114 1377 1186 1446 Cur
1209 1371 1334 1445 subiens
1356 1371 1582 1446 attitulationis
1615 1374 1720 1443 iocum
1747 1369 1911 1441 Arthtirin
1937 1393 1996 1440 non

616 1469 732 1545 faciat?
757 1480 872 1568 ltaque
894 1474 986 1544 nullo
1009 1475 1147 1545 hutnore
1171 1497 1193 1546 a
1215 1478 1316 1571 capite
1342 1467 1496 1552 labente,
1530 1473 1722 1544 Atthriticus
1745 1469 1842 1538 dolor
1863 1469 1996 1549 orietur,

616 1591 677 1641 aut
701 1569 833 1671 depulso
856 1597 876 1643 a
899 1569 1070 1644 uisceribus
1092 1592 1176 1643 tetro
1199 1574 1368 1649 humore,
1402 1590 1460 1642 tut
1484 1574 1569 1640 nitro
1595 1575 1725 1670 proptio
1756 1567 1993 1639 articulorum.

616 1670 735 1742 Ulcera
759 1667 913 1742 tibiarum
935 1668 1086 1743 foventur
1119 1671 1201 1742 sanie
1236 1689 1390 1770 perpetuo
1424 1665 1577 1742 affluente
1598 1689 1698 1766 taque
1733 1669 1878 1743 finctra,
1912 1687 1994 1737 num·

617 1771 700 1862 quid
724 1795 744 1841 a
768 1775 857 1843 uenis
877 1774 909 1838 δι
939 1775 1061 1840 arteriis
1081 1769 1154 1840 esti
1186 1771 1234 1840 Sic
1259 1771 1413 1840 stitteritus
1436 1772 1531 1936 capiti
1557 1791 1623 1838 non
1657 1769 1700 1839 eil
1723 1761 1924 1838 tribuenda.
1955 1769 1992 1834 rit

617 1868 718 1945 dices,
743 1875 849 1940 tenuis
870 1867 923 1938 ille
947 1871 1069 1939 humor
1090 1865 1226 1938 affluens
1249 1889 1303 1966 pet
1329 1865 1359 1936 se
1382 1869 1479 1937 lauda
1504 1867 1653 1947 tincti,
1682 1863 1734 1938 secl
1758 1889 1816 1964 per
1836 1871 1992 1955 contagio·

581 1980 595 2005 ·
619 1987 694 2034 nem
719 1969 831 2037 ulceris
855 1967 1021 2036 inficitur.
1045 1973 1131 2060 Ergo
1155 1969 1179 2036 ii
1201 1961 1372 2038 laudabilis
1396 1970 1505 2036 intete'
1531 1970 1541 2034 i
1563 1985 1621 2038 aut
1647 1961 1800 2064 supprimi
1824 1963 1989 2060 pollerem

615 2066 740 2134 nonnisi
763 2053 925 2164 dispendio
948 2086 1107 2162 aegrorum
1133 2067 1165 2136 id
1192 2068 1253 2146 fita
1279 2085 1316 2136 ut
1342 2067 1380 2134 lit
1402 1991 1565 2162 pmbaTile
1584 2074 1814 2163 propagatione
1838 2062 1990 2158 quadam,

616 2167 652 2233 δι
674 2171 914 2235 continuatione
938 2166 1053 2237 maiam
1078 2166 1266 2259 qualitatem
1291 2167 1411 2235 ratione
1435 2165 1544 2235 ulceris
1567 2169 1721 2258 acquiri.
1756 2163 1856 2232 Nunc
1895 2161 1988 2234 redca-

614 2283 724 2340 must
755 2259 958 2334 imbecillitas
981 2269 1122 2362 partium
1147 2265 1210 2336 five
1233 2261 1420 2341 naturalis,
1453 2253 1511 2353 ku
1537 2257 1692 2333 adscititia
1726 2263 1767 2332 ad
1790 2259 1989 2332 Arthritidtm

613 2357 690 2432 iacit
711 2365 746 2431 in
769 2363 925 2442 articulo,
946 2368 1128 2433 ceconomia
1152 2363 1304 2434 naturalis
1325 2361 1466 2431 afficitur
1489 2365 1523 2431 in
1545 2361 1704 2439 costione,
1726 2359 1927 2458 expulsione,
1947 2375 1986 2427 at·

614 2458 803 2530 ttaffionet
827 2463 866 2530 fit
881 2468 919 2530 in
934 2477 1024 2556 parte
1047 2456 1113 2556 ipsa
1137 2463 1299 2554 generatio
1321 2479 1473 2557 perpetua
1499 2456 1581 2530 succi
1603 2462 1694 2530 crudi
1720 2465 1755 2531 ἃ
1781 2458 1882 2535 mali,
1912 2455 1987 2524 unde

438 2577 575 2639 aarum
693 2554 817 2649 xystrtus
840 2560 1022 2628 arthriticus
1044 2557 1135 2630 facile
1160 2560 1260 2636 redit,
1285 2562 1386 2628 immo
1408 2559 1507 2654 ipsius
1528 2554 1658 2629 habitus
1683 2561 1721 2628 fit
1753 2559 1892 2652 quidam
1915 2577 1986 2650 mor·

435 2661 471 2716 te
490 2660 574 2732 [κω
639 2675 695 2722 us.
722 2656 812 2726 Nam
835 2650 893 2726 abs
917 2677 951 2726 re
974 2651 1058 2726 succi
1079 2657 1172 2726 crudi
1197 2660 1398 2727 meminimus
1421 2679 1529 2751 quum
1552 2659 1693 2728 Galenus
1725 2658 1813 2727 dicat
1835 2654 1982 2724 Arthtitin

427 2739 535 2800 nudo.
614 2775 723 2822 reram
746 2778 822 2823 non*
838 2775 903 2825 tarn
927 2777 948 2825 a
971 2750 1126 2854 pituitoso
1148 2756 1317 2833 humore,
1345 2777 1448 2850 quam
1471 2777 1492 2826 a
1515 2751 1605 2826 succo
1629 2757 1730 2826 crudo
1752 2757 1855 2825 oriri.
1882 2757 1984 2842 Quum

613 2846 813 2948 presenseil
833 2856 961 2924 articuli
982 2855 1173 2933 infirmitas,
1196 2849 1367 2954 propertius
1389 2847 1434 2925 esi
1457 2861 1534 2949 quis
1555 2860 1587 2925 in
1614 2850 1796 2926 morbum.
1819 2857 1861 2924 Et
1888 2854 1986 2946 fiqua

613 2953 791 3023 humorum
816 2955 854 3025 tit
876 2974 897 3025 a
921 2973 1040 3025 natura
1064 2949 1244 3037 defaecatio,
1270 2977 1308 3025 ea
1331 2949 1393 3026 fert
1416 2949 1445 3024 se
1467 2955 1508 3025 acl
1532 2956 1628 3025 aliam
1652 2957 1815 3026 materiam
1843 2967 1985 3047 aggttgst

611 3050 713 3121 ‹lonec
737 3050 844 3123 flutio
863 3071 922 3125 aut
946 3057 1044 3151 partis
1064 3048 1300 3131 imbecillitate,
1321 3070 1381 3124 aut
1404 3054 1538 3132 dolore,
1562 3071 1622 3124 aut
1645 3054 1770 3125 fluendi
1791 3050 1984 3121 consuetudi·

610 3170 652 3217 ne
676 3170 862 3222 moueatur.
889 3152 1003 3222 Mirus
1023 3171 1146 3223 natutae
1166 3172 1306 3223 conatus
1327 3153 1363 3220 in
1385 3152 1577 3223 excernenda
1600 3174 1634 3223 re
1659 3152 1819 3224 molesta.
1850 3150 1897 3219 Et
1917 3150 1985 3219 dicct

612 3249 819 3315 Ferrarius.-
847 3254 877 3317 is
899 3250 1023 3319 humor
1042 3255 1102 3343 qui
1124 3274 1143 3320 a
1167 3258 1271 3347 capite
1303 3271 1411 3323 manat
1443 3246 1630 3325 nonhabet
1661 3274 1733 3323 eam
1759 3250 1955 3325 virulentiam
1976 3286 1989 3323 s

639 3363 716 3411 uam
739 3344 846 3439 polita
866 3350 902 3413 in
923 3348 1066 3417 articulis
1096 3354 1267 3441 acquirit,
1297 3350 1372 3418 ideo
1402 3354 1587 3422 innocenter
1620 3353 1764 3447 pervadit
1796 3367 1897 3449 parter
1928 3348 1988 3415 cuti

425 3451 508 3503 cm.
529 3444 564 3501 eis
652 3435 784 3529 b'pffls.
812 3443 856 3513 Et
879 3438 1077 3517 l'etuebitur
1100 3448 1224 3516 cateno
1247 3452 1307 3543 qui
1339 3450 1499 3544 explicans
1532 3472 1592 3521 cut
1614 3450 1683 3545 pou
1716 3449 1810 3521 tuiles
1833 3441 1917 3517 scotti
1940 3446 1991 3511 in·

421 3537 570 3676 aaz·
612 3539 790 3655 flammatio
823 3538 978 3635 iiquatur
1009 3547 1056 3614 ait
1088 3549 1253 3663 materiam
1282 3548 1314 3614 in
1331 3646 1337 3658 ·
1340 3548 1502 3713 pulmone
1531 3566 1654 3663 moram
1680 3546 1843 3660 facientem
1873 3538 1901 3613 se
1929 3534 1991 3638 ipsa

430 3682 536 3760 ,Μ
612 3640 797 3710 eleimonem
821 3638 962 3721 fastam,
983 3644 1072 3714 unde
1092 3666 1130 3712 tn
1153 3639 1258 3714 storto
1281 3664 1340 3737 qut
1387 3647 1523 3717 detersus
1545 3648 1655 3718 attulit
1684 3670 1786 3743 quam
1809 3668 1843 3713 tn
1867 3639 1989 3809 pulmo·

610 3762 671 3815 tre.
696 3758 756 3810 aut
779 3742 814 3809 in
836 3746 938 3835 capite
959 3764 980 3811 a
1002 3760 1072 3835 quo
1097 3747 1238 3838 primum
1261 3742 1372 3813 fluxit.
1398 3745 1474 3828 Jam
1497 3744 1738 3817 coniurauimus
1758 3741 1865 3815 tarsu
1919 3758 1990 3809 cute

609 3842 678 3908 uias
698 3858 742 3908 ut
762 3862 784 3909 a
806 3846 909 3936 capite
930 3841 1056 3910 humor
1076 3842 1181 3921 fluat,
1203 3866 1268 3909 oon
1293 3842 1387 3935 quod
1410 3866 1562 3938 negemus
1583 3866 1602 3914 a
1625 3839 1783 3920 cunibus,
1809 3840 1843 3903 δι
1868 3831 1915 3905 ab
1934 3838 1995 3907 ha·

607 3930 679 4006 bitu
704 3944 846 4034 corporis
871 3941 1025 4009 humores
1044 3943 1077 4008 in
1104 3942 1260 4010 attitulas
1282 3938 1436 4011 influere.
1463 3944 1537 4027 Jam
1564 3946 1756 4012 meminimus
1779 3935 1991 4011 mulierum,

605 4030 788 4127 inquibus
810 4030 981 4131 suppreffio
1013 4039 1167 4108 menium
1192 4038 1355 4108 Arthtitin
1388 4043 1512 4111 accersit
1546 4036 1640 4109 itiaeio
1664 4042 1793 4137 capite,
1823 4039 1861 4105 fit
1894 4038 1993 4132 capite

604 4135 771 4204 macetum
794 4154 863 4202 non
884 4130 1136 4231 suppeditante.
1169 4140 1207 4205 ln
1231 4138 1345 4210 uiuosrs
1367 4136 1434 4234 ipsa
1458 4140 1585 4236 crapula
1611 4144 1646 4210 δι
1670 4138 1842 4215 cruditas,
1864 4136 1900 4203 iri
1921 4132 1994 4201 mali

603 4233 763 4398 attin
777 4232 1483 4407 attrutinat
1498 4230 1995 4407 lustraretur

613 4428 653 4495 iis
676 4376 781 4499 metis
804 4427 848 4496 eil
872 4358 970 4517 hippus
1004 4434 1082 4501 maii
1098 4380 1128 4500 .’
1143 4431 1186 4503 Et
1221 4430 1348 4527 satrtguis
1378 4360 1724 4533 intusnfprpepmdpt
1744 4450 1866 4503 eontra
1888 4357 1992 4500 ilino

604 4525 688 4594 lium
706 4576 720 4606 ,
741 4532 777 4598 ὰ
800 4530 953 4598 articulos
973 4549 1140 4628 occupat.
1175 4532 1294 4607 Dicet,
1325 4533 1400 4603 icleo
1431 4558 1498 4605 non
1532 4538 1617 4605 fiunt
1639 4536 1773 4628 quidem
1810 4532 1994 4603 Arthritite

607 4624 702 4719 qnod
724 4619 857 4717 sanguis
877 4627 990 4698 fluat:
1011 4625 1066 4699 secl
1087 4648 1163 4722 quae
1185 4628 1437 4703 communicatio
1457 4637 1581 4732 pituita
1614 4631 1769 4727 frigidae,
1800 4626 1991 4706 secretaest

605 4726 713 4819 eapite
732 4719 888 4794 lambenti
907 4750 985 4795 cum
1009 4730 1081 4824 ipiis
1103 4723 1282 4802 menibus?
1306 4728 1431 4801 Contra
1451 4778 1467 4811 ,
1487 4740 1521 4803 iit
1546 4732 1649 4803 liuere·
1671 4731 1801 4830 polluet
1830 4728 1991 4803 commode

605 4820 762 4903 menses,
793 4828 827 4890 δι
862 4846 884 4893 a
915 4829 1019 4923 capite
1051 4848 1111 4923 pet
1130 4832 1249 4898 extima
1288 4828 1411 4901 humor
1431 4830 1530 4903 fluere
1556 4830 1659 4928 potest
1693 4833 1737 4901 aci
1760 4830 1936 4901 Arriaritin
1955 4826 1991 4899 fa·

604 4922 762 4993 ciendam.
787 4926 887 5014 Qut
907 4918 1060 4994 &aaut
1073 4927 1159 4997 fiunt
1183 4922 1253 4990 aar*
1272 4920 1373 5004 ianm
1391 4923 1441 5003 tut*
1458 4924 1616 5013 ἱῐόθισυ,
1638 4950 1723 5025 quot
1744 4925 1936 5001 Νἱτᾶθκ
1952 4936 1989 4998 in*

608 5036 663 5087 tus
684 5016 791 5091 iurata
812 5025 855 5093 Et
875 5026 938 5114 jam
962 5042 1038 5097 aute
1058 5048 1100 5098 et
1127 5026 1238 5099 euclem
1251 5032 1401 5103 Petreio
1422 5030 1590 5105 attulimus
1613 5030 1739 5103 doioms
1759 5027 1889 5105 colicos
1914 5026 1993 5102 ichri-

1897 5128 1956 5205 bus
