4434 6000
677 587 747 680 ηε
893 570 1737 655 nuiiitiiiiiiiorcii
1840 563 1847 578 ·

667 707 756 778 stafili
781 707 832 778 vir
858 705 1078 801 expediamus,
1101 719 1301 794 quamquam
1326 693 1426 791 potest
1450 701 1486 767 dc
1500 695 1575 766 elle:
1598 701 1630 792 st¹
1652 695 1884 791 liaemorrliagia
1922 704 2003 770 mor·

619 733 683 890 bds
706 801 833 888 biliosus
857 799 1009 880 solvitur,
1034 796 1173 876 sudore,
1205 794 1271 867 alvi
1295 795 1426 875 fluore,
1458 797 1631 894 parotide,
1664 803 1700 870 de
1729 822 1798 870 uno
1828 797 2003 895 eodemque

491 959 498 970 .
623 923 788 1004 tempore,
812 926 871 977 cur
895 903 935 972 ad
960 899 1135 996 hypostasin
1160 905 1326 966 materiam
1351 919 1416 964 non
1440 893 1603 990 suggeret?

667 1004 781 1074 Tertia
804 1005 887 1072 ratio
911 1001 976 1070 hac
999 997 1043 1068 est
1067 1005 1161 1088 cujus
1184 991 1427 1065 fundamentum
1451 1001 1515 1082 jani
1548 991 1719 1066 convellise
1751 1013 1811 1063 nos
1840 995 2003 1068 eaislima·

621 1123 716 1182 nius.
743 1100 778 1170 Si
803 1101 933 1170 materia
956 1105 989 1168 in
1015 1096 1098 1166 slatu
1124 1095 1238 1164 excidit
1263 1118 1329 1164 uon
1350 1091 1460 1164 a'utem
1485 1097 1598 1173 initio,
1620 1115 1701 1186 ergo
1724 1093 1852 1164 ortior
1874 1099 1915 1165 in
1952 1096 2003 1167 sla·

617 1219 658 1282 tu
678 1197 784 1278 soret,
808 1217 842 1268 at
866 1200 927 1268 hoc
950 1190 1083 1267 salsum:
1108 1195 1197 1266 Nam
1221 1195 1313 1262 initio
1335 1187 1464 1263 consufi
1488 1191 1533 1263 eli
1556 1196 1681 1270 urina,
1713 1196 1746 1262 in
1779 1189 1863 1264 llatu
1896 1215 2003 1267 acuta·

619 1321 693 1368 rum
718 1301 864 1366 tenuior.
892 1297 962 1368 Hac
988 1291 1110 1364 ratione
1135 1289 1164 1363 se
1185 1293 1339 1362 coniicere
1363 1291 1445 1388 posse
1468 1309 1560 1388 putat
1584 1286 2000 1388 Forneliushypollalinnon

618 1396 676 1469 elle
702 1413 824 1491 partem
848 1396 987 1464 materici
1015 1387 1169 1462 morbum
1200 1393 1460 1461 committentis,
1490 1389 1589 1459 Nam*
1610 1407 1771 1486 oporteret
1803 1398 1918 1462 urinas
1951 1395 2000 1463 csse

619 1493 776 1568 craffiores
801 1486 916 1562 morbo
939 1491 1084 1564 tendente
1109 1491 1152 1560 ad
1176 1491 1284 1558 crisin:
1307 1489 1434 1560 Contra
1457 1491 1551 1558 initio
1573 1484 1682 1556 morbi
1706 1484 1845 1560 eouliisae
1870 1493 1945 1562 sunt
1967 1499 1999 1564 dt

617 1592 740 1671 crolle,
764 1607 972 1667 attenuantur
995 1609 1103 1662 autern
1128 1591 1304 1659 declinante
1328 1582 1460 1656 morbo.
1486 1587 1605 1656 Eadem
1627 1591 1711 1657 ratio
1742 1605 1857 1659 contra
1894 1595 1996 1662 Ferie-

619 1695 700 1762 lium
725 1692 821 1762 etiam
844 1685 982 1770 faceret,
1006 1693 1065 1783 qui
1088 1687 1191 1760 asserit
1226 1688 1313 1760 victo
1344 1686 1449 1756 calore
1482 1704 1593 1757 concta
1627 1703 1780 1756 naturam
1812 1689 1994 1760 alimentum

619 1809 696 1877 cunc
723 1783 801 1858 bene
825 1792 943 1882 coqui:
964 1793 1031 1878 ejus
1056 1791 1098 1857 rei
1122 1805 1350 1881 argumentum
1373 1784 1417 1854 cll
1442 1783 1632 1882 hypostasis.
1657 1784 1784 1855 Statuit
1814 1791 1904 1860 enim
1935 1797 1994 1877 ejus

617 1891 781 1956 materiam
804 1886 944 1956 alimenti
966 1887 1060 1980 quod
1085 1886 1267 1962 assumitur,
1290 1885 1460 1976 reliquias,
1484 1887 1579 1953 ut‘in
1602 1878 1702 1953 sanis.
1726 1883 1760 1953 Si
1781 1905 1861 1980 ergo
1887 1883 1994 1960 morbo

615 1985 788 2056 declinante
811 1984 897 2054 calor
922 1985 1074 2054 naturalis
1097 1991 1223 2056 vincens
1246 1989 1309 2070 jam
1332 1981 1520 2054 alimentum
1543 1980 1694 2060 conficit,
1717 1987 1810 2074 eujus
1826 2002 1938 2058 notam
1946 2011 1993 2057 ex.

615 2077 728 2154 bibent
752 2099 900 2155 contenta
920 2087 957 2153 in
982 2085 1096 2160 urina,
1119 2105 1177 2152 eur
1200 2105 1267 2150 noti
1291 2087 1326 2149 in
1349 2079 1434 2151 llatu
1460 2075 1564 2150 morbi
1586 2079 1716 2150 erass'ior
1747 2086 1924 2156 etiamnum
1954 2086 1993 2157 tll

598 2185 734 2260 farina?
761 2181 806 2250 iit
832 2179 925 2274 longe
948 2177 1071 2253 fallitur
1095 2179 1277 2258 Fecneliut,
1300 2182 1360 2273 qui
1383 2181 1416 2247 iri
1441 2183 1600 2276 principiis
1623 2174 1992 2256 sebtiumcontiiioarum

593 2261 767 2372 lquasdam
792 2280 900 2350 crassas
924 2282 1032 2350 urinas
1054 2283 1214 2356 intuitus,
1238 2283 1274 2348 δι
1298 2301 1371 2372 que
1395 2280 1568 2349 inclinante
1598 2272 1715 2348 morbo
1744 2301 1819 2354 carii
1847 2280 1992 2378 deponite·

614 2382 681 2448 rint
703 2375 886 2454 cralsstiem,
909 2379 981 2449 inde
1005 2379 1128 2474 colligit
1151 2373 1348 2448 neoeslarium
1372 2373 1449 2454 esse,
1476 2394 1515 2446 ur
1538 2371 1599 2448 sub
1625 2377 1724 2447 finem
1748 2377 1856 2452 morbi
1890 2384 1990 2453 litant

614 2479 715 2547 urina
737 2474 916 2552 crtiiiores,
940 2472 962 2544 s
987 2477 1093 2548 uidem
1117 2479 1254 2547 maceriei
1278 2495 1348 2572 patr
1371 2475 1524 2546 coneoeia
1547 2497 1623 2546 cum
1649 2480 1743 2548 urina
1763 2478 1890 2553 estitit·
1914 2484 1994 2550 Hac

611 2576 696 2646 enim
720 2573 802 2642 durii
825 2501 1022 2666 hypollaloos
1048 2581 1181 2645 materia
1204 2578 1262 2651 sit,
1287 2570 1450 2645 craslititui
1473 2575 1618 2667 aliquam
1641 2578 1677 2645 in
1697 2581 1821 2648 urinam
1847 2579 1995 2650 inducet.

613 2674 661 2746 At
684 2669 773 2742 nulla
796 2668 840 2741 est
863 2669 921 2742 illa
944 2676 1138 2772 comparatio
1161 2674 1201 2742 de
1225 2676 1377 2743 tenuitate
1406 2678 1576 2744 urinarum
1613 2665 1668 2744 siib
1696 2675 1791 2744 linem
1823 2671 1925 2744 fibris
1955 2681 1996 2743 dc

610 2791 723 2842 carum
745 2767 877 2840 mollitie
899 2771 1013 2842 initio.
1040 2769 1250 2844 Diliinximos
1271 2774 1357 2841 euim
1378 2791 1454 2843 ante
1476 2771 1567 2842 islam
1589 2770 1766 2863 madmena,
1786 2775 1823 2839 δι
1846 2780 1998 2845 tornica-

610 2888 694 2940 tem:
720 2868 811 2938 Nam
836 2867 1011 2963 iliquando
1033 2865 1190 2966 grumos:
1212 2866 1317 2951 surio,
1339 2871 1374 2936 δι
1397 2878 1614 2960 jumentorum
1647 2869 1756 2942 unio
1784 2876 1889 2943 utitiae
1916 2913 1929 2942 ι
1960 2879 1995 2944 dt

447 2949 492 3001 θ’
505 2981 515 3007 ·
529 2952 702 3064 quoi
728 2961 861 3039 subsidet
884 2994 950 3039 uon
974 2976 1100 3070 proprie
1122 2968 1167 3040 osi
1192 2965 1380 3067 hypoliasit,
1404 2965 1455 3041 sod
1478 2971 1619 3042 cruditas
1649 2988 1779 3042 emittm
1808 2971 1992 3067 quedam,

437 3021 702 3166 'chl'e'ss’''qood
727 3076 862 3161 agnovit
885 3072 980 3141 etiam
1003 3070 1181 3146 Pernela'us,
1204 3070 1287 3137 dum
1310 3070 1386 3139 dicit
1408 3071 1440 3140 id
1461 3091 1561 3141 omne
1583 3070 1765 3166 hypostasin
1790 3077 1990 3167 proprienon

531 3212 545 3224 κ
615 3168 676 3237 dici
699 3168 791 3258 quod
815 3170 913 3237 uriiiae
938 3164 1076 3241 sunduiii
1093 3169 1200 3267 parit:
1225 3167 1310 3238 unde
1333 3166 1373 3237 de
1396 3166 1505 3239 Sileno
1533 3190 1560 3237 a.
1584 3168 1669 3263 epid.
1695 3170 1749 3239 die
1773 3167 1989 3239 deeimomin·

616 3272 663 3334 irit
687 3257 879 3333 subcrassurn
903 3268 936 3331 u
963 3269 1107 3339 multum
1129 3266 1222 3361 quod
1245 3269 1279 3335 in
1303 3264 1429 3337 matella
1452 3260 1645 3344 subsidebat,
1667 3264 1722 3335 die
1747 3261 1890 3361 sequenti
1913 3272 1988 3337 inte·

616 3362 694 3430 tiit,
719 3361 756 3427 ld
781 3385 844 3429 non
868 3381 934 3431 erat
958 3369 1084 3461 proprie
1103 3360 1330 3435 sedimentum
1367 3364 1512 3436 Primum
1544 3366 1600 3436 illa
1631 3367 1812 3461 propositio
1846 3367 1988 3461 gmeralis

492 3480 502 3501 ’
609 3454 686 3531 falb
708 3456 751 3531 cll
772 3480 880 3551 quum
899 3460 978 3532 dicit
1001 3466 1034 3531 in
1058 3462 1142 3533 llatu
1163 3468 1338 3538 tenuiores,
1359 3465 1395 3532 in
1428 3467 1586 3562 principio
1614 3460 1805 3537 morborum
1838 3464 1989 3535 aridiores

615 3559 673 3629 esse
696 3568 821 3627 urinas:
846 3580 920 3627 nam
945 3561 988 3633 esi
1011 3555 1071 3630 ubi
1095 3560 1278 3633 certisime
1294 3556 1375 3631 ⁴suris
1399 3569 1500 3634 urinae
1524 3566 1616 3633 initio
1652 3560 1783 3643 morbi,
1816 3569 1856 3634 δι
1885 3558 1987 3635 fenim

617 3657 845 3732 incrassantur,
868 3662 904 3727 ἃ
928 3662 980 3732 liic
1005 3682 1075 3729 vete
1100 3664 1148 3733 vit
1169 3664 1302 3740 colons,
1323 3661 1359 3726 ἃ
1384 3662 1534 3732 inmotis
1557 3664 1686 3733 eluoet:
1710 3661 1763 3732 Est
1792 3656 1855 3731 ribi
1890 3660 1987 3732 aas·

610 3752 704 3835 sunt,
727 3748 862 3825 turbata
884 3758 918 3825 lit
943 3753 1098 3836 confusa,
1123 3761 1157 3825 te
1182 3778 1260 3829 tunc
1283 3758 1450 3830 cruditatis
1474 3781 1550 3831 nota
1569 3758 1637 3837 eli,
1668 3765 1704 3831 δι
1735 3777 1835 3857 prout
1866 3762 1914 3830 ad
1947 3778 1990 3828 re·

607 3866 768 3925 natitatem
793 3856 990 3950 proceditur,
1014 3859 1054 3927 ad
1078 3857 1253 3929 omnnem
1278 3859 1403 3952 procedi
1427 3860 1561 3929 dicitur.
1581 3857 1640 3928 Eli
1663 3852 1903 3929 obianumtim
1914 3860 1992 3925 uri·

608 3976 658 4023 nte
682 3950 754 4024 sunt
778 3971 907 4035 ten-uei,
932 3964 966 4031 lle
989 3957 1110 4035 crasse,
1130 3959 1168 4023 dc
1193 3964 1319 4055 proprie
1341 3961 1432 4027 utine
1451 3958 1602 4029 distantes
1624 3956 1768 4027 duratur
1790 3948 1836 4023 ab
1850 3956 1993 4051 Hippo·

610 4066 714 4129 erare,
737 4068 776 4119 ut
800 4067 874 4119 ante
896 4056 1049 4129 diximus.
1073 4056 1212 4124 Tametsi
1235 4045 1406 4133 λπνῦνέρυ
1429 4062 1462 4125 in
1487 4074 1599 4149 genere
1618 4059 1798 4154 vituperate
1821 4054 1987 4127 uideatur,

610 4168 717 4216 tamen
732 4146 787 4217 ..eit
807 4141 867 4217 ubi
889 4149 1032 4219 tenaliis
1057 4154 1180 4245 sigrium
1204 4153 1246 4223 eli
1269 4159 1435 4227 cmiitatis
1458 4154 1501 4225 osi
1523 4152 1584 4225 abi
1679 4176 1736 4225 om
1753 4150 1803 4222 et
1828 4147 1988 4222 muium

608 4238 773 4315 meretricis
797 4265 937 4341 vegete,
962 4247 1155 4321 &tutilonis
1177 4260 1371 4349 apparentis.
1392 4253 1457 4321 Sed
1481 4254 1514 4322 id
1540 4254 1630 4327 diver
1684 4256 1837 4324 rariore:
1865 4254 1901 4317 δι
1934 4268 1991 4317 ta·

607 4344 697 4413 metsi
719 4347 784 4428 iam
808 4366 880 4417 ante
904 4339 945 4411 de
969 4342 1017 4413 liis
1040 4350 1234 4427 dixerimus,
1259 4373 1363 4424 minen
1396 4356 1475 4443 quia
1507 4356 1541 4421 in
1575 4355 1638 4422 lioc
1670 4360 1813 4423 maxime
1842 4344 1991 4448 disputa·

606 4446 700 4515 timis
725 4444 860 4515 vertitur
883 4443 1005 4523 cardo,
1027 4468 1164 4546 repetere
1188 4474 1254 4519 non
1280 4456 1345 4522 erit
1376 4450 1548 4520 ebenum.
1583 4455 1795 4547 Hippocrates
1827 4452 1862 4517 iii
1898 4450 1988 4545 Epid.

457 4595 515 4667 Μ
543 4614 576 4653 ω
605 4538 644 4611 de
669 4540 880 4613 Clazomenio
902 4564 1006 4636 quum
1031 4548 1207 4618 cruditatis
1220 4546 1345 4629 inoibi,
1369 4550 1406 4617 dt
1429 4568 1593 4647 propterea
1608 4558 1677 4637 ejus
1700 4548 1916 4643 longitudinis
1925 4570 1991 4615 ma·

430 4634 691 4749 p,f„3s1,·g,'xlma
716 4659 905 4730 argumenta
928 4640 1162 4739 proposuisset,
1185 4653 1269 4718 iuter
1297 4668 1400 4719 cetera
1433 4653 1595 4720 reomatis
1623 4652 1794 4718 uriiiamm
1826 4651 1990 4716 meminit.

432 4752 509 4829 ΞΜ.
600 4740 728 4813 Deinde
751 4733 808 4811 obt
833 4735 917 4836 spem
941 4740 1050 4811 salutis
1074 4750 1108 4815 dt
1131 4739 1297 4816 solutionis
1321 4740 1428 4831 morbi
1444 4744 1581 4842 posuit,
1606 4754 1654 4816 ita
1674 4745 1821 4843 scripsit:
1846 4748 1911 4816 Die
1935 4744 1992 4811 dc·

460 4914 468 4935 .
602 4840 686 4909 cimo
711 4834 795 4910 sexto
821 4842 934 4909 uinxit
958 4843 1065 4935 paullo
1088 4842 1243 4914 craslius.
1267 4848 1316 4916 Sic
1333 4844 1486 4918 eraffiries
1520 4848 1774 4940 fignifitarioncm
1808 4847 1904 4915 alieti
1938 4866 1990 4909 eo·

599 4935 729 5006 silonis:
755 4944 789 5009 dc
814 4939 877 5011 huc
900 4944 1035 5011 maxime
1056 4946 1219 5036 pertinent
1242 4966 1314 5035 qua
1338 4949 1371 5015 iti
1395 4941 1528 5014 Corum.
1554 4945 1665 5015 Galen.
1691 4940 1823 5041 scripsit,
1847 4968 1924 5039 qua
1941 4936 1988 5006 su·

600 5038 705 5126 lellus
725 5032 962 5131 sslls‘flpfimust
985 5041 1025 5111 Et
1048 5044 1083 5109 iii
1101 5040 1172 5111 aliis
1194 5042 1268 5112 locis
1292 5064 1400 5137 quum
1426 5047 1582 5139 Epicratis
1605 5066 1740 5115 uxorem
1766 5036 1890 5113 morbo
1910 5043 1989 5107 dio·

735 5182 741 5191 .
1843 5162 1938 5214 mo
