4434 6000
950 368 1001 463 Χ

540 587 610 660 DE
647 587 1023 662 ARTHRlTlDE
1058 585 1245 665 LlssER.‘
1463 615 1527 684 173

184 705 193 766 l
270 713 361 782 Nunc
383 707 524 778 matmics
547 709 581 774 dt
608 707 697 776 locus
722 727 741 774 a
764 729 833 799 quo
856 717 1012 783 emanet,
1042 707 1213 804 explicetur
1239 695 1405 790 Ferrielin,
1440 715 1587 808 acapite

185 854 186 859 κ
227 809 263 878 cll
285 805 363 883 solo,
385 827 488 898 eaque
511 802 627 898 frigida
651 803 715 882 est,
739 823 798 874 aut
820 797 944 881 serum,
969 800 1203 898 confringens,
1227 828 1285 879 aut
1310 804 1412 888 bilis,
1436 830 1493 880 aut
1518 808 1587 880 suc-

188 948 191 961 ·
226 929 275 977 cus
296 904 555 976 melancholicus.
578 905 611 972 Si
635 903 756 972 humor
779 899 912 995 frigidus
936 897 1006 979 est,
1042 925 1100 972 cur
1134 902 1291 1002 stuporem
1325 933 1391 978 non
1415 911 1505 978 affert
1529 905 1665 1004 posia-l·
1681 910 1711 968 ⁶.

185 1050 186 1053 =
229 1008 304 1074 ciust
328 1004 454 1073 Pituiooe
479 1006 511 1070 dt
539 998 606 1071 sero
630 1007 694 1090 ejus
717 1001 796 1071 inest
820 1019 860 1070 ut
884 1017 1046 1094 torporem
1069 1000 1203 1082 efficiat,
1227 1030 1291 1076 non
1315 1007 1551 1081 mordacitatem
1577 981 1664 1075 z‘sm·

184 1117 189 1158 i
226 1105 267 1172 Ni
292 1122 466 1196 utrumque
489 1107 537 1170 ita
562 1101 699 1170 alienum
724 1100 784 1178 fit,
807 1117 845 1168 ut
868 1117 927 1168 aut
949 1091 1092 1178 fatum,
1117 1119 1173 1172 aut
1198 1105 1325 1175 acidum
1353 1105 1441 1176 fiat.
1475 1107 1507 1176 Si
1531 1102 1588 1176 sri-

184 1219 188 1254 2
225 1201 307 1293 gidus
329 1196 395 1276 eil,
418 1199 505 1268 unde
529 1217 618 1267 tanta
641 1197 763 1267 doloris
785 1191 958 1267 acerbiora
984 1201 1024 1266 Et
1047 1198 1127 1270 dum
1152 1205 1307 1293 quaeritur
1340 1227 1401 1273 cur
1425 1205 1528 1273 hieme
1554 1206 1589 1274 &

185 1314 186 1325 ¹
223 1318 368 1368 autumno
393 1299 555 1394 podagrici
578 1297 702 1366 dolores
725 1313 937 1373 renouentur,
960 1295 1116 1374 Caleno,
1152 1321 1225 1370 vere
1249 1301 1402 1394 qualitate
1426 1307 1460 1370 δι
1484 1324 1589 1396 quan-

222 1402 301 1468 titate
323 1398 444 1468 humor
467 1393 615 1472 infestat,
647 1411 809 1465 autumno
832 1413 938 1464 autem
971 1395 1125 1487 qualitate
1157 1391 1286 1468 solum.
1321 1403 1361 1470 Et
1396 1393 1523 1469 dubites
1547 1372 1649 1470 an⁴¹⁴i
1657 1371 1739 1510 ff

223 1520 275 1566 vox
296 1489 374 1574 prim
397 1495 439 1566 ad
462 1493 669 1588 qualitatem,
692 1514 734 1562 an
758 1492 800 1562 ad
822 1509 1017 1563 autumnum
1041 1489 1225 1575 reseratur,
1251 1514 1290 1566 ut
1314 1498 1351 1568 srt
1375 1497 1425 1568 hic
1450 1491 1552 1568 sensus
1576 1470 1650 1578 ‚¹55-
1696 1461 1737 1518 ‘⁶'

219 1589 383 1666 secundum
408 1589 504 1664 solam
528 1592 710 1686 qualitatem
733 1590 853 1660 humor
877 1585 1030 1662 morbum
1062 1587 1138 1662 satir
1172 1615 1363 1676 autumno,
1395 1595 1444 1668 vel
1467 1599 1500 1664 in
1523 1590 1590 1665 solo

219 1711 374 1763 autumno
399 1687 572 1762 secundom
596 1689 804 1783 qualitatem.
831 1688 930 1760 Unde
954 1683 1020 1759 sola
1044 1691 1182 1784 qualitas
1209 1694 1396 1765 Arthtitidis
1425 1691 1517 1765 causa
1540 1687 1590 1763 es·

217 1789 356 1888 sepollit
379 1815 452 1862 cum
464 1789 602 1886 pauculo
621 1788 777 1867 humore,
801 1810 857 1858 nec
880 1809 917 1858 ea
940 1786 1026 1859 adest
1050 1793 1216 1881 quantitas
1242 1816 1341 1888 quam
1369 1794 1486 1862 fetuel.
1503 1815 1591 1861 com·

214 1909 334 1962 mentus
357 1888 421 1962 est.
448 1886 658 1960 Rondeletius
680 1885 764 1957 male
788 1885 918 1957 Fccnelii
949 1880 1048 1958 verba
1077 1889 1280 1984 detorquet.
1317 1893 1387 1964 Nec
1410 1893 1494 1962 enim
1520 1891 1591 1960 Fer-

214 1989 269 2058 nel.
296 1990 401 2088 placet
426 2010 480 2085 per
504 2009 645 2064 venam,
668 1980 819 2078 spitualem
844 1985 1020 2056 medullam
1051 1986 1086 2051 δι
1113 2009 1225 2059 nervos
1259 1988 1385 2058 fluxum
1411 1992 1507 2065 fieri,
1541 1987 1594 2060 sed

212 2110 266 2183 per
290 2089 459 2158 inanitates
482 2081 542 2157 sub
565 2104 657 2156 cute.
678 2085 749 2156 Nec
772 2081 846 2155 vult
868 2105 944 2154 eum
964 2104 1102 2153 naucum
1128 2087 1187 2176 qui
1220 2106 1275 2180 per
1300 2087 1442 2182 palatum
1468 2085 1593 2156 deerrat

214 2185 376 2255 Arthritin
399 2189 625 2262 committere,
659 2177 711 2252 sod
824 2197 928 2276 partes
962 2185 1102 2278 corporis
1134 2201 1276 2254 externas
1299 2188 1444 2254 &extra
1468 2183 1592 2254 calvam

213 2284 326 2378 postas
349 2285 454 2354 credit
480 2285 648 2352 humorem
676 2283 735 2348 Art
759 2279 859 2350 titidis
882 2273 1006 2350 causam
1030 2281 1211 2351 decurrere.

253 2383 316 2452 Sed
343 2403 409 2478 pto
434 2380 575 2450 Femelio
599 2377 737 2446 militant
762 2379 845 2446 hac.
871 2375 906 2445 Si
931 2372 1002 2444 bilis
1025 2396 1085 2447 aut
1108 2383 1215 2472 quivis
1238 2381 1366 2452 humor·
1380 2381 1501 2450 calidus
1528 2381 1591 2449 Ar-

208 2481 321 2552 thritin
347 2481 579 2554 committeret,
603 2497 662 2544 cur
685 2498 751 2545 non
775 2474 880 2547 llatim
905 2474 1116 2548 inflammatio
1140 2473 1354 2572 sequeretur?
1378 2480 1515 2574 impedit
1537 2501 1591 2549 ar·

207 2581 300 2648 ticuli
327 2575 515 2668 frigiditas,
549 2576 697 2666 inquies.
734 2575 807 2644 Cur
831 2595 898 2642 non
922 2575 956 2640 &
981 2567 1173 2647 membranae
1206 2577 1296 2648 coslis
1320 2581 1476 2657 intexta,
1511 2601 1602 2671 agre

204 2682 402 2773 concipiunt
424 2674 730 2747 inflammationem?
756 2671 878 2741 Tamen
900 2673 933 2740 in
956 2673 993 2740 iis
1014 2673 1141 2768 alioqui
1165 2671 1286 2769 frigidis
1310 2672 1397 2747 facile
1413 2677 1598 2746 inflamma·

205 2779 250 2844 tio
273 2778 485 2869 concipitur,
509 2793 546 2846 ut
572 2771 777 2870 pleuritidum
803 2769 874 2840 ilias
896 2769 1117 2844 demonstrat:
1140 2769 1227 2845 sacile
1252 2797 1387 2871 quoque
1402 2774 1520 2844 humor
1545 2768 1595 2842 bi·

203 2873 303 2946 linsus
328 2873 516 2967 eryfipelata
540 2876 574 2940 δι
599 2870 738 2966 herpetas
760 2872 795 2938 in
817 2888 892 2940 cute
914 2879 1083 2943 concitat.
1118 2869 1249 2947 Fauebie
1285 2879 1318 2945 δι
1344 2873 1484 2944 Fernelio
1508 2873 1604 2940 locus

203 2975 310 3069 Hipp.
336 2971 497 3067 explicans
521 2962 637 3067 septem
662 2989 777 3062 genera
799 2969 980 3039 flurionum
1004 2992 1027 3039 a
1047 2973 1149 3066 eapite
1172 2975 1372 3043 orientium:
1404 2974 1438 3039 δι
1465 2989 1483 3036 a
1510 2987 1597 3063 parte

244 3074 356 3143 ilica:
388 3070 474 3141 liunt
497 3066 705 3139 articulorum
729 3090 766 3137 ac
789 3069 994 3140 coxendicum
1019 3068 1181 3153 dolores(
1206 3073 1251 3139 ait
1276 3071 1289 3156 )
1323 3091 1343 3137 a
1367 3062 1486 3137 talibus
1511 3082 1664 3148 mor-cib.
1682 3085 1762 3147 aela-

226 3176 250 3239 is
276 3166 401 3249 sanatis
425 3170 438 3252 (
461 3167 539 3239 idell
561 3168 706 3264 hydrope
730 3160 1011 3238 &stratonibus
1036 3166 1163 3255 aquae)
1198 3190 1304 3261 quum
1336 3166 1366 3235 id
1392 3152 1645 3258 quornm-‘cit
1665 3170 1694 3222 tn
1715 3164 1761 3224 ho·
1904 3167 1908 3175 '

200 3263 393 3340 bum'sacit
417 3262 565 3340 sanatur,
590 3272 626 3335 dc
650 3267 739 3357 quod
764 3270 913 3334 incarne
938 3260 1084 3331 relidunt
1109 3260 1204 3333 suerit
1227 3268 1279 3335 cui
1303 3288 1366 3333 non
1390 3266 1449 3333 erit
1471 3264 1696 3346 exitus,”'‘''‘·

203 3366 251 3437 bd
279 3362 495 3437 tuberculum
519 3362 633 3433 iaciens
657 3358 742 3452 sugit
766 3361 856 3435 inid
879 3359 968 3452 quod
993 3360 1093 3439 cedit,
1116 3384 1153 3430 ac
1177 3381 1249 3433 tum
1266 3363 1478 3433 articulorum
1503 3364 1595 3432 dolo.

201 3490 266 3547 rem
295 3468 441 3537 excitat.
463 3462 533 3533 Nisi
558 3451 640 3529 sorte
664 3460 698 3525 in
723 3457 896 3527 Fernelium
922 3453 1012 3527 saciat
1047 3459 1079 3527 id
1103 3461 1195 3553 quod
1219 3461 1306 3531 idem
1330 3464 1436 3557 Hipp.
1460 3459 1570 3531 statuit
1586 3480 1767 3543 ‚tridatem

200 3589 321 3663 nempe
348 3561 512 3655 duplicem
537 3557 595 3627 elle
618 3578 782 3635 murum,
814 3573 917 3625 unum
940 3548 984 3623 ab
1006 3558 1136 3626 interno
1154 3563 1283 3655 capite,
1313 3580 1454 3651 eumque
1488 3559 1767 3653 aliquainbonr'ne,

200 3666 391 3759 praeditum
415 3652 586 3733 salsedine,
609 3656 743 3725 alterum
769 3649 881 3724 subtus
903 3654 1075 3727 calvariam
1107 3658 1148 3727 ad
1174 3655 1321 3728 inferiora
1343 3654 1595 3736 descendentem,

201 3782 354 3855 eumque
389 3751 541 3827 insulsum
577 3760 611 3823 dt
646 3754 789 3821 dolorem
815 3778 881 3821 non
909 3755 1076 3832 cientem,
1107 3756 1146 3825 fic
1177 3761 1236 3847 qui
1273 3752 1317 3825 ab
1346 3772 1475 3825 externo
1498 3757 1598 3851 capite

200 3862 332 3929 humor
359 3854 428 3928 esi,
451 3874 508 3925 aut
535 3852 695 3924 Aethritin
720 3876 785 3919 non
811 3847 980 3929 movebit,
1011 3852 1061 3923 vel
1086 3853 1108 3920 st
1133 3872 1265 3925 martana
1297 3876 1318 3923 a
1350 3859 1453 3947 capite
1478 3853 1599 3923 humor

198 3959 382 4026 arthritin
414 3948 491 4025 lactc
522 3996 534 4030 ,
575 3954 600 4020 is
631 3945 674 4023 ab
706 3951 854 4027 interiore
889 3968 978 4047 parte
1010 3944 1194 4029 manabit,
1231 3953 1322 4046 quod
1358 3951 1498 4023 chelio
1532 3976 1602 4025 non

220 4062 315 4127 lacet
328 4097 342 4119 ο
688 4094 691 4099 ·
751 4080 757 4085 ’
1375 4104 1377 4112 ‹

199 4085 220 4154 P
249 4162 307 4227 Ar
334 4176 358 4221 a
385 4153 556 4247 perieranio
577 4148 622 4219 est
646 4148 659 4234 s
682 4151 784 4238 ait.)
819 4150 981 4223 Coenon
1006 4159 1040 4224 dc
1063 4150 1134 4221 aliar
1159 4170 1261 4247 partes
1293 4152 1424 4223 infirma
1449 4173 1468 4220 a
1493 4148 1605 4223 validis

200 4247 371 4349 partibus
396 4244 566 4344 depulsum
591 4249 757 4319 humorem
781 4274 845 4317 non
869 4257 1051 4348 excipient?
1086 4253 1135 4319 Sit
1159 4254 1234 4327 ita,
1269 4272 1388 4343 magna
1421 4248 1604 4320 fluxionum

198 4376 278 4449 pars
306 4376 329 4423 a
358 4348 548 4443 eapitefit,
573 4348 653 4439 quid
678 4350 790 4418 attinet
814 4372 914 4419 tauros
938 4357 971 4420 dc
996 4342 1145 4418 obscuros
1169 4372 1261 4441 aque
1296 4349 1413 4419 cuens
1435 4347 1614 4441 effingere?-

201 4456 333 4545 Quum
365 4442 513 4518 abscedat
536 4445 657 4513 humor
682 4468 735 4540 per
758 4467 875 4521 renas.
898 4452 1047 4526 arterias,
1071 4468 1186 4517 nervos
1207 4492 1216 4524 ,
1241 4445 1304 4517 olla
1324 4495 1334 4527 ,
1357 4442 1536 4517 credibilius
1559 4442 1604 4514 est

196 4544 782 4644 hum1,›resper„caspartcsfluere
805 4546 839 4613 ἃ
865 4547 1024 4625 refluere,
1058 4568 1114 4641 per
1136 4567 1220 4639 quas
1254 4546 1443 4617 alimentum
1468 4545 1509 4613 ad
1535 4566 1607 4641 par-

199 4669 251 4721 tes
278 4644 455 4723 defertur,
480 4640 610 4721 facilitas
633 4646 721 4713 enim
742 4642 854 4714 fluxus
875 4650 909 4716 δι
934 4645 1078 4717 refluxus
1103 4667 1160 4739 per
1190 4638 1256 4713 rasa
1281 4648 1342 4715 tit.
1377 4648 1417 4714 Et
1441 4664 1548 4735 quum
1572 4646 1617 4709 in¹

196 4744 408 4819 Artlrrieide
432 4736 535 4813 subita
550 4748 664 4809 -motio
685 4741 724 4809 srt
746 4742 956 4823 humorum,
990 4768 1026 4816 ea
1052 4737 1203 4841 pervasa
1229 4745 1299 4821 fit,
1334 4766 1397 4811 non
1433 4764 1488 4835 per
1511 4760 1607 4806 caecos

200 4848 368 4918 duraue-
394 4841 552 4917 Fernelius
567 4840 607 4909 ad
631 4857 729 4938 caput
753 4838 900 4935 confugit
916 4862 1019 4915 ratus.
1039 4861 1106 4911 ram
1133 4842 1286 4926 sincerum
1313 4840 1480 4909 humorem
1506 4856 1525 4904 a
1550 4856 1606 4905 ve·
1633 4880 1645 4915 ,

195 4950 248 5015 nis
279 4943 441 5033 reliquos
465 4940 614 5009 humores
636 4938 828 5036 complexis,
852 4943 894 5011 ad
917 4943 1069 5013 articulos
1094 4932 1280 5030 affligendos
1301 4932 1412 5005 seocrrri
1445 4954 1510 5000 non
1536 4924 1608 5029 pus-

198 5038 253 5113 se.
289 5046 347 5113 At
373 5035 464 5110 facile
488 5038 623 5111 fincetus
642 5037 793 5111 humores
814 5038 857 5117 id
871 5037 977 5120 saciet,
1001 5038 1056 5111 seu
1089 5042 1124 5103 in
1150 5056 1237 5132 parce
1261 5028 1418 5127 congestio
1442 5032 1524 5110 fiat,
1557 5026 1612 5102 sert

1471 5150 1492 5202 a
1515 5152 1565 5200 ce.
