4434 6000
540 545 1006 629 otaatrrarttot
1032 545 1217 624 arnae.
1475 569 1537 641 ιιι
1584 537 1585 544 ‘

222 674 296 748 lorti
316 689 422 753 mant,
447 697 514 744 aron
541 677 710 747 deindo
736 681 785 750 Sit
807 671 1169 748 conciuditGal.tocaci
1198 675 1376 758 Artbtitin,
1402 701 1467 750 non
1490 699 1597 777 quum
1609 634 1748 794 ,ἶῇρρᾏὴ

220 777 306 842 uniur
327 772 454 843 articuli
476 772 572 843 dolor
592 774 662 853 est,
685 771 735 846 sed
760 797 866 872 quum
891 775 1094 852 multotum,
1118 779 1230 848 iicet&
1249 779 1368 848 coloci
1392 779 1516 852 deficiat
1527 785 1600 852 Gal.
1618 811 1625 847 ι
1632 801 1750 869 asnaa.

221 871 258 940 Et
279 870 467 943 savonarola
490 891 588 970 caput
621 868 738 972 scripsit
761 879 801 946 de
832 871 1057 961 pasturarum
1088 874 1202 946 dolote
1230 878 1316 947 ,Ιι
1335 871 1420 948 febre
1443 876 1600 954 laboriosa
1613 872 1768 956 dempti.

220 963 287 1038 sunt
308 963 524 1066 symptomata
549 972 760 1051 Artbritidit,
784 997 851 1044 non
875 991 982 1050 tamen
1009 972 1183 1048 Arthritis.

264 1070 312 1138 De
338 1069 521 1142 Artbticide
544 1073 755 1164 quatordom
776 1073 818 1142 de
841 1067 971 1156 causa,
990 1078 1150 1152 materia,
1177 1075 1331 1169 origine,
1357 1093 1470 1154 motu,
1498 1079 1603 1172 perio·

217 1163 280 1244 dir,
300 1189 341 1237 an
365 1189 456 1240 unus
477 1167 619 1248 humor,
642 1191 685 1240 an
718 1172 909 1267 multiplex,
932 1191 1006 1264 quc
1030 1175 1096 1255 ejus
1121 1171 1262 1250 indoles,
1285 1195 1326 1240 an
1351 1177 1564 1244 inflammatio
1588 1217 1602 1254 .

217 1267 249 1332 it
271 1266 483 1338 remediorum
506 1287 605 1366 caput
627 1273 825 1363 attingetum
851 1261 941 1338 strici
962 1289 1099 1363 quoque
1122 1266 1343 1366 disputationis
1374 1274 1437 1342 alia
1459 1275 1605 1345 enuclea·

218 1355 275 1431 bit.
297 1364 374 1447 Jam
395 1367 521 1439 elisium
544 1365 590 1436 esi
614 1369 796 1438 Arebrititia
819 1369 985 1464 proprium
1009 1368 1070 1437 tile
1094 1389 1131 1438 ut
1156 1393 1220 1438 non
1245 1375 1280 1437 in
1305 1387 1370 1438 una
1396 1389 1487 1467 parte
1509 1371 1602 1442 dolor

215 1464 448 1544 concludatur,
469 1460 521 1536 sed
545 1484 586 1535 ut
607 1463 653 1533 tii
675 1465 789 1536 effetus
811 1463 932 1534 humor
954 1467 988 1534 in
1013 1483 1116 1562 partes
1140 1469 1292 1546 irruens,
1315 1471 1362 1538 ita
1388 1469 1486 1537 morlo
1509 1469 1563 1538 hic
1587 1513 1601 1550 ‚

214 1562 306 1628 morlo
328 1563 396 1632 illie
421 1563 517 1632 dolor
540 1581 726 1634 moveatutt
750 1563 834 1634 unde
856 1565 1015 1656 quaeritur
1036 1567 1095 1658 qui
1121 1567 1178 1634 fiat
1204 1585 1242 1635 ut
1265 1567 1323 1660 qui
1341 1557 1485 1636 ischiade
1508 1561 1600 1636 labo-

210 1677 271 1738 rat,
296 1681 375 1732 tato
397 1681 458 1734 aut
479 1681 659 1755 numquam
683 1663 752 1733 aliia
774 1663 913 1732 articulis
934 1661 1063 1740 doleat,
1086 1685 1188 1756 quum
1203 1683 1307 1734 tamen
1330 1658 1443 1735 ischias
1469 1665 1599 1735 timbri-

209 1758 278 1828 tidic
301 1764 435 1832 nomine
457 1761 576 1831 includi
600 1759 772 1832 uideatur.
798 1762 908 1831 Atat
939 1766 1016 1853 quit
1050 1762 1227 1833 Arthritldc
1260 1756 1406 1832 laborare
1440 1763 1600 1842 dicatur,

207 1857 318 1928 ltoccsse
340 1853 388 1930 eii
410 1877 450 1932 ut
472 1859 514 1930 ad
538 1860 644 1930 varior
666 1860 817 1931 articulos
839 1858 960 1928 malum
985 1854 1174 1956 proserpat.
1199 1859 1250 1933 Sic
1274 1861 1370 1929 dolor
1393 1861 1436 1929 esi
1460 1882 1562 1954 vagus
1585 1908 1599 1942 ,

205 1958 385 2048 periodicas
408 1979 481 2029 cum
505 1959 643 2028 oeufime
665 1965 702 2031 dt
723 1952 910 2030 acerbitate.
932 1957 1005 2026 Cur
1030 1953 1182 2027 ischiadit
1207 1961 1339 2034 materia
1365 1951 1424 2028 sese
1446 1963 1512 2029 alio
1532 1983 1598 2028 non

204 2051 347 2125 conserti
372 2057 454 2128 hanc
476 2059 560 2127 toim
582 2052 627 2126 ab
651 2057 828 2130 arthritide
851 2055 984 2125 Paullus
1008 2075 1074 2122 non
1113 2049 1261 2150 separat,
1286 2055 1342 2124 nisi
1367 2057 1457 2150 quod
1483 2053 1600 2126 ischia·

202 2150 249 2219 dit
272 2147 369 2224 causa
395 2160 430 2224 in
453 2153 516 2225 soia
539 2177 695 2227 coxarum
718 2173 872 2251 compage
897 2152 1070 2222 inhateat.
1094 2153 1198 2238 Quasi
1224 2153 1348 2222 dicatin
1376 2147 1596 2224 ischiadema.
1609 2205 1633 2258 c
1695 2209 1713 2270 ἲ
1734 2199 1767 2258 ll.

201 2252 310 2320 tericm
336 2249 399 2322 eise
420 2253 598 2324 eraifiorem
623 2275 660 2324 ae
683 2238 976 2327 contumaciorem,
999 2254 1033 2319 in
1060 2251 1245 2320 rirtltritidit
1264 2245 1421 2347 speciebus
1445 2247 1596 2320 mobilio-
1612 2294 1643 2351 3·
1719 2241 1726 2256 ⁶

198 2369 285 2425 tem,
313 2369 374 2418 nec
400 2353 445 2420 ita
468 2347 641 2444 frigidam,
664 2369 703 2419 ut
727 2346 782 2420 sua
805 2345 915 2445 sponte
937 2367 973 2418 ac
996 2352 1032 2419 ui
1056 2341 1116 2418 sese
1141 2345 1321 2446 impellens,
1345 2371 1382 2422 ac
1405 2353 1599 2428 concitam,

195 2440 356 2518 concuriir
384 2444 544 2518 facultatis
566 2449 748 2543 expultricia
773 2446 872 2516 modo
894 2446 959 2515 bue
989 2445 1088 2516 modo
1111 2446 1190 2518 iiiuc
1214 2451 1362 2543 irrepat.
1383 2451 1600 2544 Quamquam

196 2547 227 2614 in
255 2542 443 2616 lstbiadicit
465 2543 526 2616 stre
552 2546 638 2615 fixua
661 2567 697 2616 ea
721 2563 811 2641 parre
834 2543 929 2615 dolor
950 2567 1017 2614 non
1039 2542 1111 2622 eli,
1136 2539 1187 2614 sed
1212 2563 1366 2642 occupata
1392 2543 1515 2616 summa
1541 2569 1599 2617 na·

193 2648 278 2714 tium
306 2661 421 2739 parte,
445 2661 514 2714 tota
538 2640 675 2714 tibia&
701 2665 754 2741 pet
776 2642 903 2715 asliuuu
925 2639 1062 2730 tiusclem
1088 2649 1227 2714 materia
1252 2661 1448 2738 torquetur.
1475 2643 1537 2714 Sed
1562 2643 1600 2712 id

193 2745 231 2814 fit
256 2761 396 2812 tantum
421 2763 460 2812 cx
483 2762 635 2824 euentu,
659 2746 695 2812 δι
719 2765 784 2812 non
807 2745 840 2812 in
864 2761 940 2814 reta
964 2735 1133 2812 ischiade.
1161 2741 1226 2813 Alii
1250 2743 1408 2813 deliniunt
1433 2743 1596 2813 Artbritin
1733 2769 1734 2772 ¹

193 2840 328 2914 articuli
353 2841 558 2912 dolorlficum
583 2861 743 2913 tumorem
753 2863 851 2938 qoem
876 2840 979 2912 fluuio
1002 2844 1035 2910 in
1059 2861 1138 2910 eom
1160 2835 1346 2912 incumbent
1368 2845 1516 2918 excitat,
1542 2841 1598 2910 alil

192 2941 526 3019 inflammationem,
548 2935 599 3012 sed
623 2943 707 3011 male
729 2962 834 3037 quum
859 2933 936 3037 stpe
961 2939 1037 3037 plut
1062 2940 1099 3009 stt
1123 2941 1319 3015 oedematis.
1344 2961 1444 3033 quam
1468 2938 1598 3009 iniiam-

192 3041 381 3116 mationis,
405 3044 439 3108 ni
470 3039 597 3111 tandem
632 3040 754 3109 humor
788 3034 965 3210 Qudne
998 3039 1246 3108 inflammetur.
1277 3036 1453 3105 Marcellus
1487 3036 1598 3107 definit

868 3142 891 3205 'a
914 3142 1019 3207 nervia
1043 3135 1168 3205 dolores
1180 3154 1295 3226 graves
1319 3140 1523 3205 excitantem·
1549 3137 1595 3209 dt
1611 3127 1748 3198 Mami.

192 3236 233 3307 fit
260 3238 346 3332 sapt
372 3236 434 3305 sne
457 3236 726 3316 inflammatione,
751 3262 808 3307 nee
831 3232 950 3329 semper
972 3231 1017 3302 est
1039 3232 1132 3301 dolor
1156 3254 1360 3327 permanent,
1383 3254 1440 3303 net
1464 3240 1499 3303 in
1524 3208 1692 3321 ntrqm·

191 3342 245 3408 vis
272 3331 425 3429 semper,
450 3356 507 3405 nee
530 3336 656 3406 doloret
679 3331 803 3425 ubique
825 3349 956 3425 graver.

241 3438 366 3528 Atque
389 3448 429 3499 ut
451 3432 565 3501 clarim
590 3424 868 3528 fluat‘disputatio
890 3474 902 3510 ,
925 3431 1029 3499 dicam
1063 3420 1125 3497 ossa
1151 3418 1255 3501 tribus
1289 3420 1393 3499 modis
1415 3426 1560 3505 maneat
1584 3454 1599 3505 c

190 3532 268 3605 Aut
296 3532 441 3601 inuicem
464 3526 665 3607 coalescunt,
686 3530 784 3624 idque
808 3527 858 3599 vel
885 3528 1022 3615 alicujus
1045 3534 1250 3607 interventu,
1275 3548 1314 3599 ut
1338 3532 1371 3596 in
1396 3524 1599 3602 mollioribus

190 3638 223 3705 tc
253 3628 409 3719 fungosa
429 3651 440 3705 a
464 3646 524 3699 aut
545 3646 687 3707 eontra,
712 3648 752 3697 ut
776 3632 808 3697 in
833 3628 922 3697 darie
946 3631 981 3697 dt
1013 3624 1094 3695 siccis
1116 3672 1125 3701 ,
1151 3624 1199 3705 *3*
1213 3620 1267 3687 eil
1282 3618 1446 3700 eiwon.
1471 3646 1528 3697 aut
1552 3631 1599 3700 ita

189 3734 545 3803 committunturlntet
569 3722 644 3797 stur
665 3717 839 3797 obscumm
864 3740 990 3795 motum
1015 3720 1165 3803 habeant.
1189 3728 1279 3819 quod
1301 3730 1337 3795 lit
1351 3719 1600 3807 menippeum

189 3832 241 3903 vei
269 3820 500 3903 manifestum,
524 3820 573 3897 ’Φ
587 3819 755 3905 Mileto.
781 3830 817 3893 in
835 3830 937 3922 prima
960 3825 1152 3893 connexione
1170 3824 1293 3895 doloret
1318 3844 1383 3895 non
1408 3842 1598 3897 moventur.

189 3928 229 3996 in
257 3920 403 3995 secunda
426 3944 524 4001 rato,
548 3924 605 3993 nili
628 3928 722 4018 quod
745 3924 838 4021 tophi
863 3931 899 3993 iit
923 3922 1084 3993 cedemata
1109 3920 1192 3991 fiunt
1213 3964 1223 3997 ‚
1248 3940 1286 3993 ut
1314 3922 1347 3993 in
1373 3922 1597 3995 calculatione

189 4026 317 4120 carpi.
341 4020 451 4091 Tertia
477 4022 665 4093 Arrhritidic
688 4019 771 4094 sedet
794 4020 867 4097 eli,
891 4021 941 4093 vel
966 4026 1049 4089 inter
1072 4012 1273 4091 membranas
1295 4024 1494 4101 ‚tendinem
1518 4020 1601 4117 liga-

189 4140 309 4195 menta
338 4113 577 4205 mtmbtanrsa(
600 4144 675 4191 nam
701 4122 805 4221 polica
828 4118 897 4188 duo
919 4117 976 4190 elie
1000 4118 1170 4203 dicentur)
1194 4133 1299 4211 quaa
1326 4119 1598 4215 petioiiiooriun·

189 4242 266 4301 mr,
297 4222 340 4289 δι
362 4220 410 4288 ita
433 4213 589 4298 sentiunt,
612 4241 651 4293 et
675 4217 796 4315 quibus
820 4218 976 4289 articulus
999 4217 1174 4297 firmaturt
1201 4218 1274 4288 hinc
1298 4216 1452 4290 acerbiter
1474 4214 1597 4291 doloris

189 4322 211 4390 fi
238 4337 317 4415 qua
344 4310 393 4387 ibi
417 4320 559 4388 maceries
581 4338 768 4391 eomoetm.
794 4316 883 4391 Nam
907 4315 957 4385 vel
982 4309 1039 4385 sua
1072 4316 1245 4386 acrimonia
1279 4310 1378 4399 sen't,
1402 4330 1441 4389 ut
1465 4310 1537 4389 bilis·
1562 4322 1600 4393 dc

189 4416 301 4490 [ειιιω
321 4416 401 4496 ‚vei
425 4414 544 4508 frigore
567 4415 698 4489 molesta
721 4418 785 4497 eii,
808 4433 846 4488 ut
872 4416 1011 4513 pituita,
1036 4412 1087 4486 rel
1112 4408 1299 4510 asperitate,
1323 4436 1362 4486 ut
1386 4410 1521 4515 gypsta,
1546 4414 1599 4488 rel

189 4514 386 4589 distendunt
410 4507 690 4595 membranarum,
712 4534 771 4589 aot
795 4509 839 4586 ab
861 4510 1134 4591 inflammatione,
1159 4509 1249 4609 qood
1274 4514 1425 4587 humores
1449 4506 1602 4611 autligll·

189 4617 310 4695 latiam
336 4631 398 4685 aut
422 4608 599 4713 promiscue
621 4612 766 4687 efficiunt
789 4609 852 4684 suia
876 4610 971 4706 fignis
993 4609 1160 4681 distincti.

236 4716 300 4784 Ae
329 4716 471 4807 primum
520 4716 654 4784 uaritur
677 4736 718 4785 an
743 4736 764 4787 a
786 4706 938 4806 sanguine
973 4707 1129 4781 Artbtitis
1150 4750 1161 4789 ‚
1184 4730 1225 4783 an
1258 4702 1378 4782 humor
1411 4710 1542 4783 avenis
1564 4706 1604 4781 δι’

189 4815 362 4887 arteriis,
385 4832 426 4881 an
448 4832 471 4881 a
538 4833 562 4881 ο
583 4816 687 4909 capite
709 4816 745 4885 in
768 4830 882 4884 nervos
906 4800 1094 4881 resolidatur
1115 4816 1127 4879 i
1152 4828 1194 4879 an
1219 4813 1251 4879 in
1277 4804 1446 4880 acetabulo
1470 4810 1602 4879 materia
1654 4886 1657 4891 ,

189 4914 426 4989 mntineatot,
448 4928 490 4980 an
512 4922 599 4981 nmt
627 4915 669 4983 lit
693 4912 852 4985 lierrrellur
874 4900 919 4981 ab
944 4908 1014 4979 aliia
1037 4902 1179 4977 mulmm
1216 4907 1377 4979 disentit.
1402 4892 1497 4976 l’allis
1523 4904 1600 4978 teliu

189 5006 423 5105 navigandum
447 5005 748 5094 constitueramus,
772 5028 810 5085 at
832 5012 942 5109 ptius
973 5000 1144 5081 monacile
1173 4996 1219 5075 eli
1253 4993 1441 5078 aeidum.
1468 4992 1603 5197 ῐέἰςίιιιι

192 3138 490 3209 inflammationem
515 3156 751 3235 permanentem
774 3161 793 3209 a
