4434 6000
473 553 536 640 or,
554 550 799 626 ritmorum
819 554 877 623 rr
892 551 1164 624 1101111011
1188 557 1385 630 motuis.
1497 567 1567 644 153

277 682 355 754 Hac
380 693 489 748 cutem
514 677 620 742 multo
643 667 808 738 difficilius
831 682 964 736 curatur
989 690 1091 759 quam
1126 696 1162 744 ea
1187 699 1261 769 quae
1286 703 1305 748 a
1330 680 1459 776 fimplici
1487 681 1619 778 lippert-

229 783 331 851 dicum
356 781 442 848 uteri
465 774 594 844 laxitate
618 771 723 837 oritur
747 793 755 834 :
778 773 878 834 immo
901 783 1001 861 rupta
1028 773 1109 840 uteri
1133 773 1305 865 ligamenta
1340 774 1534 850 consolidare
1557 784 1619 850 rm.

232 873 366 976 pnffibilc
392 873 436 944 111
457 872 519 950 ‚si
551 873 689 938 maxime
711 858 821 938 callosa
845 861 988 934 exsiliant
1012 870 1201 964 malumque
1233 879 1294 964 jam
1319 881 1535 948 inveteravit.
1574 880 1620 946 At

233 978 355 1074 simplex
381 963 542 1042 descensus
567 971 742 1037 autetiam
768 957 942 1130 prolapsus
978 983 1051 1034 raro
1082 967 1172 1039 exse
1203 971 1299 1044 letalis
1324 975 1473 1051 1111111,
1507 998 1620 1048 verum
1697 1025 1699 1030 -

232 1069 416 1148 mulieribus
439 1067 589 1139 molestus
613 1069 647 1135 dc
672 1066 766 1134 tedio
782 1084 820 1132 us
842 1059 900 1132 csse
934 1053 1048 1142 solet,
1081 1061 1268 1164 seminisque
1302 1075 1521 1146 attractionem
1557 1078 1621 1144 im.

235 1177 350 1272 pedit,
375 1170 490 1251 deinde
515 1160 649 1236 liberum
675 1169 710 1232 dt
733 1154 898 1230 liberalem
923 1159 1089 1232 menstrua
1113 1165 1174 1238 sive
1200 1167 1319 1240 lunaris
1353 1175 1549 1269 purgationis
1562 1169 1619 1244 gf.

236 1273 359 1344 fluxum
399 1259 545 1368 prohibet
569 1261 774 1334 :interdum
800 1281 877 1330 vtro
910 1278 1014 1328 rectus
1035 1265 1135 1332 enixis
1169 1272 1344 1348 maxime,
1379 1275 1498 1340 racione
1531 1265 1624 1340 febrit

236 1371 445 1444 convulsionis
472 1382 538 1436 aut
571 1358 751 1432 atrocissimi
783 1357 902 1426 doloris
932 1365 1045 1427 mortis
1081 1363 1258 1457 periculum
1301 1386 1420 1438 creat.
1455 1363 1624 1438 Dtscensus

234 1472 336 1542 multo
360 1466 483 1539 facilius
505 1464 609 1533 curari
634 1454 711 1528 solet
733 1477 833 1550 quam
856 1473 944 1527 extra
977 1459 1110 1529 vulvam
1144 1464 1364 1558 procidentia.
1400 1466 1529 1538 Adultae
1563 1467 1622 1536 hoc

233 1568 347 1642 triecio
374 1561 555 1637 laborantes
577 1560 709 1652 gravius
732 1570 888 1647 agrotant
911 1560 947 1627 &
972 1554 1090 1626 tristius
1113 1576 1293 1645 curanturc
1326 1587 1401 1638 nam
1435 1567 1468 1633 in
1492 1565 1553 1634 illis
1577 1565 1621 1634 le.

232 1675 265 1739 vi
290 1682 456 1736 momento
480 1665 515 1732 dc
539 1657 696 1726 ecmsone
719 1654 871 1750 repositus
895 1650 1076 1752 prolabitur
1100 1677 1212 1730 uterus
1236 1707 1248 1740 ,
1281 1665 1391 1734 deinde
1416 1665 1455 1732 sve
1479 1659 1522 1734 ab
1546 1683 1616 1734 am.

235 1759 343 1834 biente
366 1785 436 1833 aere
467 1759 623 1830 alteratur
655 1773 693 1822 ut
715 1774 886 1846 gangram
922 1751 1031 1851 scrpiuc
1064 1761 1253 1854 corripiatur
1286 1765 1374 1857 quod
1418 1763 1512 1833 ctiam
1546 1787 1622 1842 conv

231 1866 326 1954 tingit
348 1857 395 1932 ob
418 1857 595 1934 violentam
619 1854 702 1922 uteri
726 1849 980 1946 compressionem
1005 1897 1015 1930 1
1039 1877 1108 1948 quo
1133 1859 1168 1926 in
1191 1857 1263 1932 casu
1290 1865 1423 1957 quidam
1449 1883 1486 1932 tr
1511 1862 1619 1936 Paulli

230 1956 383 2032 sententia
407 1967 487 2028 citra
509 1956 619 2026 mortis
644 1950 820 2047 periculum
845 1944 987 2022 abscindi
1010 1954 1094 2046 poue
1118 1963 1279 2030 memoria·
1302 1965 1515 2058 prodiderunt
1535 2009 1546 2041 ,
1571 1957 1621 2034 sa·

230 2055 363 2152 tiusquc
387 2057 444 2128 tslc
467 2070 581 2152 putant
604 2051 685 2120 dum
712 2072 762 2122 arc
785 2050 874 2119 malo
905 2050 991 2123 vidia
1012 2049 1077 2130 cst,
1115 2075 1227 2152 anceps
1250 2056 1334 2128 istud
1357 2062 1532 2134 remedium
1567 2081 1622 2130 cx-

232 2160 326 2252 petiri
350 2177 451 2250 quam
476 2151 639 2240 nullum·
678 2148 796 2221 Danda
820 2169 898 2242 ergo
932 2147 976 2219 cli
1008 2171 1103 2246 opera
1137 2173 1175 2224 ut
1199 2172 1310 2228 uterus
1333 2161 1367 2228 in
1392 2155 1485 2230 suum
1510 2157 1619 2228 locum

233 2255 335 2326 statim
363 2271 533 2349 reponatur
558 2267 733 2340 antequam
765 2241 808 2316 ab
839 2265 970 2319 trtctno
1008 2270 1079 2318 aetc
1102 2249 1286 2332 alteretur,
1324 2255 1374 2328 vei
1410 2251 1456 2325 ob
1481 2258 1621 2350 partium

231 2354 522 2441 circumjacentium
563 2343 819 2439 compressionem
855 2341 1041 2415 intumescat
1073 2364 1133 2419 aut
1167 2351 1358 2446 phlegmone
1398 2359 1433 2426 dc
1475 2351 1622 2449 sphacclo

232 2455 424 2546 corripiatur
448 2473 472 2537 :¹
496 2449 533 2515 ln
567 2443 599 2512 id
630 2448 720 2532 juvat
744 2441 808 2512 alvi
842 2445 877 2510 dt
913 2443 1015 2512 velicte
1039 2467 1231 2519 excrementa
1265 2471 1323 2524 aur
1358 2451 1455 2528 slatus
1481 2475 1616 2524 vacuare

235 2548 392 2648 praemislo
414 2544 538 2638 clystere
560 2565 598 2611 cx
622 2539 848 2630 hydromelite.
873 2541 970 2613 111εᾶ.
1002 2542 1157 2616 lenieivn·
1172 2549 1315 2621 catholic.
1352 2570 1409 2622 aut
1433 2577 1470 2623 rr
1494 2551 1614 2624 decoci.
1697 2624 1706 2639 ,

234 2648 369 2730 hordei,
390 2647 535 2739 origani,
560 2647 718 2808 agmon.
741 2633 912 2719 betonicae,
937 2635 1057 2712 seminis
1080 2643 1136 2712 lini
1159 2687 1169 2722 ‚
1193 2645 1318 2744 foenigr.
1354 2647 1426 2719 flor.
1451 2649 1555 2720 cham.
1581 2655 1617 2722 dt
1704 2656 1709 2671 ‘

236 2748 365 2818 melilot
399 2746 529 2816 demum
560 2743 590 2824 la
633 2761 703 2822 rans
735 2739 858 2809 roddito
890 2758 1032 2815 encmtte
1066 2735 1179 2842 supina
1211 2750 1245 2816 in
1279 2747 1558 2844 ledio‘cnllocetur
1581 2753 1616 2816 dc

235 2846 472 2920 coxis.elcvatis
494 2866 531 2914 ac
555 2834 733 2938 poplitibus
756 2838 906 2916 reflexis,
936 2843 1035 2938 capite
1058 2840 1187 2913 demisso
1219 2843 1284 2940 ipsa
1313 2845 1511 2918 tumescentis
1536 2849 1618 2916 uteri

236 2940 333 3019 brsrm
359 2938 508 3015 manibus
539 2937 753 3037 apprehendat
775 2959 916 3034 cumque
947 2919 1120 3011 introrsum
1154 2943 1261 3039 adigat
1285 2949 1320 3017 δι
1343 2947 1433 3037 quod
1468 2941 1539 3015 latis
1573 2943 1616 3013 111

238 3041 374 3119 suaviter
397 3042 539 3138 impellat
564 3038 653 3133 quod
678 3040 700 3107 sr
723 3043 769 3109 ita
792 3039 933 3133 ptaellarc
958 3063 1023 3109 non
1049 3037 1141 3137 pellit
1165 3043 1335 3135 chirurgus
1359 3061 1418 3111 aut
1441 3037 1532 3135 hgar
1542 3062 1618 3112 mu·

236 3144 291 3213 lice
315 3138 370 3216 seu
392 3135 542 3211 obsicttir
567 3132 716 3208 manibus
740 3128 945 3216 subserviat,
976 3137 1027 3206 vel
1061 3134 1271 3209 instrumento
1296 3144 1394 3233 virgae
1426 3142 1507 3213 virili
1543 3161 1618 3237 pto·

239 3245 346 3319 ximo,
370 3259 427 3311 cut
451 3240 563 3331 aliquo
588 3236 717 3332 pessario
742 3254 851 3305 utatur
911 3234 1018 3301 ulvtre
1051 3232 1230 3313 moslichts,
1255 3232 1321 3307 bol.
1344 3260 1423 3319 arm.
1454 3233 1619 3337 consperso

238 3346 269 3408 dt
295 3342 338 3410 ad
364 3340 400 3410 id·
421 3337 680 3408 accommodato.
703 3347 762 3399 aut
784 3354 858 3428 emp
915 3352 952 3399 ro
975 3329 1101 3401 duriore
1135 3354 1173 3403 er
1199 3328 1367 3415 Galbam,
1393 3330 1527 3425 bdellio,
1553 3332 1617 3409 sare

182 3403 220 3514 f
236 3439 353 3507 cocolla
377 3442 411 3505 dc
436 3436 525 3501 simil.
551 3441 695 3528 parator
727 3425 829 3523 polica
860 3423 1006 3497 clunibus
1038 3428 1124 3499 elatis
1156 3426 1251 3503 cubet
1274 3436 1401 3528 aliquot
1424 3430 1534 3510 diebus
1560 3460 1569 3503 c
1593 3434 1618 3504 11

234 3558 343 3605 autem
371 3531 498 3601 inflatio
522 3524 687 3627 prohibeat
711 3531 888 3619 quominus
912 3527 983 3597 loco
1004 3531 1115 3601 nativo
1138 3528 1349 3612 restituatur,
1381 3528 1501 3605 fotibus
1525 3534 1617 3619 locus

236 3640 296 3703 erit
321 3634 439 3729 paratio
463 3654 500 3699 ex
524 3632 675 3721 origano,
701 3631 853 3704 cumino,
875 3619 981 3702 antio,
1006 3621 1108 3697 baccis
1131 3628 1240 3711 lauri,
1267 3631 1339 3699 flor.
1364 3630 1469 3701 cluam.
1495 3636 1529 3703 dc
1549 3652 1616 3701 mc·
1742 3636 1745 3641 '

239 3732 316 3801 lilot.
342 3730 544 3819 hydromeliti
568 3744 626 3796 aut
654 3731 727 3796 vino
750 3718 839 3795 rubr.
865 3727 899 3791 δι
925 3722 1019 3795 adiit.
1045 3726 1198 3807 incudiisc
1234 3752 1310 3799 mox
1341 3747 1446 3797 autem
1473 3733 1615 3800 1111111-

239 3832 291 3901 dat
316 3830 440 3927 pulver.
467 3827 606 3923 dypticis
628 3818 851 3922 inspergendur
875 3824 935 3895 erit
961 3842 1070 3901 uterus
1104 3842 1142 3895 ot
1174 3824 1311 3897 mallich.
1336 3828 1424 3898 thur.
1450 3820 1513 3897 bol.
1536 3848 1615 3897 arm.

242 3930 275 3993 dt
301 3928 389 3998 simil.
416 3931 450 3995 iu
475 3928 557 3996 hanc
583 3922 738 3996 formam.

288 4026 327 4120 lc
351 4024 455 4093 thuris
478 4022 645 4110 mastiches
670 4046 727 4093 an.
751 4022 819 4111 3¹⁶·
839 4023 866 4115 f.
887 4021 1057 4114 sarcocolla
1079 4025 1116 4093 111
1139 4022 1217 4095 tatic
1242 4024 1388 4097 1111111111
1413 4020 1626 4117 1111111151.
1776 4024 1787 4035 '

245 4128 363 4193 1111111111
381 4120 512 4209 munst.
525 4123 614 4211 sang.
637 4124 786 4192 draconis
800 4144 854 4191 an.
875 4122 906 4209 ὃ
925 4126 960 4191 11.
968 4120 1036 4207 fiac
1047 4123 1158 4216 pulvis
1179 4128 1349 4212 1111111111.

183 4277 184 4280 ,
290 4224 343 4294 Ad
366 4220 492 4293 facilem
516 4242 648 4315 quoque
674 4220 775 4295 vulta
797 4223 1017 4318 repositionem
1042 4246 1108 4291 non
1131 4224 1328 4295 mediocriter
1361 4218 1526 4293 conserunt
1549 4218 1623 4293 Cu·

183 4377 184 4386 ,
245 4318 411 4392 curbitulae
435 4343 509 4391 cum
533 4322 635 4392 multa
660 4322 791 4390 flamma
815 4316 930 4401 ilibus,
954 4315 1129 4400 umbilico,
1154 4342 1211 4393 aut
1244 4316 1304 4392 sub
1331 4325 1477 4391 mammis
1499 4318 1626 4417 appoli-
1789 4407 1790 4413 ἵ

249 4438 285 4488 ta
306 4448 316 4489 ι
340 4417 467 4493 suffitur
500 4442 633 4514 quoque
665 4442 772 4489 rtrum
806 4421 1055 4516 graveolentium
1081 4438 1119 4487 ut
1144 4444 1321 4517 pennatum
1356 4421 1520 4517 perdicit,
1552 4416 1623 4487 alla
1663 4450 1665 4455 v

249 4514 358 4591 lotitia
383 4568 397 4603 ‚
426 4517 548 4591 callorii
583 4525 617 4591 δι
651 4518 800 4589 fimilium
833 4523 951 4615 excepti
983 4542 1038 4616 per
1069 4512 1311 4591 infundibulum
1347 4538 1403 4589 aut
1437 4515 1624 4587 cathedram

249 4614 465 4709 perforatamr
503 4619 538 4688 ln
563 4639 700 4710 tamque
724 4640 791 4687 rtm
823 4620 953 4715 quidam
976 4640 1076 4688 ovum
1101 4611 1161 4686 sub
1196 4620 1314 4713 gallina
1338 4634 1533 4713 corruptum
1557 4611 1623 4681 sra-

247 4716 335 4785 dun
359 4722 516 4809 agitatum
541 4717 625 4787 lanis
645 4719 806 4799 illinunt,
835 4724 870 4791 dc
904 4721 1077 4815 imponunt
1101 4718 1232 4815 vulva:
1265 4717 1377 4787 odorrt
1400 4734 1506 4787 cutem
1532 4706 1624 4781 simul

245 4814 377 4899 jucunda
399 4834 438 4885 ut
461 4816 597 4887 Galliam
624 4812 839 4895 moschorum,
861 4811 1008 4888 ambram
1033 4810 1170 4903 benioin.
1206 4817 1238 4884 dt
1277 4816 1366 4883 sunil.
1391 4828 1501 4881 000111
1524 4829 1624 4901 qm·

183 4981 184 4984 ,
248 4914 311 4982 fieri
335 4908 417 4983 mitt.
434 4916 468 4982 in
491 4908 694 4987 fruoratione
725 4916 903 5009 hysterica.
939 4918 1068 4987 lntcrim
1102 4913 1194 4985 alvus
1228 4934 1328 5005 ncquc
1365 4910 1487 5005 pigrior
1522 4926 1627 5001 neque

182 5007 185 5018 ‘
250 5013 385 5088 nimium
407 5012 479 5085 laxa
503 5013 573 5085 sit.
606 5014 641 5084 Si
663 5018 749 5089 cnim
773 5013 858 5087 fricet
879 5016 967 5086 dum
1003 5008 1145 5083 exsiliant
1168 5016 1200 5081 in
1233 5006 1375 5103 egerendi
1398 5022 1515 5175 conpttst
1539 5000 1628 5079 heile

1475 5122 1575 5177 ectu·
