4434 6000
469 542 528 615 DE
549 539 796 616 VIRGINUM
818 542 880 615 ET
894 541 1162 615 MULIERUM
1185 544 1381 619 Monuit.
1491 568 1556 621 rat

182 682 184 727 t
217 677 427 763 componunt
448 686 557 736 crocus
580 666 591 748 (
617 665 708 759 quod
733 664 850 757 largius
875 663 960 735 bunc
984 666 1109 737 alluunt
1134 670 1180 739 ita
1205 692 1323 739 nomen
1348 674 1503 757 metetur)
1522 694 1609 765 myr-
1623 705 1771 781 „asma

182 784 184 825 :
220 766 282 836 tha
306 762 539 859 troglodytica,
564 759 641 835 rosa
665 764 748 833 siccae
771 769 805 835 δε
829 768 957 856 gummi
980 766 1124 860 aliquot.
1153 764 1330 839 unitatur
1352 789 1459 840 autem
1475 796 1516 842 an
1537 795 1701 853 ctu-ms.
1719 790 1739 846 i.
1752 814 1778 853 r·
1875 769 1884 791 '

182 888 183 893 ¹
217 882 385 960 comagma
412 862 565 958 &cyphi
589 864 799 933 aromaticum
825 858 983 958 usurparit
1008 865 1150 935 Soranus
1173 871 1207 937 in
1229 862 1333 949 cibo,
1366 892 1408 939 an
1434 872 1471 938 in
1492 871 1605 941 admo-
1624 887 1648 931 ¹·
1674 873 1778 928 Acrius

217 963 286 1033 ris,
323 966 480 1055 Utroque
511 964 594 1033 enim
630 963 727 1033 modo
760 968 861 1059 accipi
886 962 1013 1060 potest.
1048 962 1140 1033 Nam
1171 970 1206 1033 iic
1242 968 1322 1037 illita
1345 968 1469 1037 dolores
1492 966 1699 1069 capitis‘·5⁰·

216 1057 358 1141 leniunt,
383 1065 421 1131 δι
446 1059 581 1132 ailumta
604 1058 785 1137 calfaciunt,
810 1082 984 1155 coquunt,
1006 1064 1132 1132 urinam
1155 1067 1258 1133 cient.
1282 1067 1344 1136 Sed
1374 1069 1530 1139 srcrocus
1553 1094 1603 1141 ce.
1616 1110 1695 1168 emp
1731 1114 1778 1168 m..

217 1153 347 1231 tebrum
376 1165 516 1231 maxime
540 1156 630 1239 ierit,
659 1162 681 1230 st
705 1162 805 1256 replet
828 1178 955 1256 caput,
988 1165 1061 1253 quis
1086 1166 1154 1249 ejus
1179 1156 1257 1231 usus
1288 1164 1345 1232 elie
1371 1164 1470 1261 potest
1494 1174 1527 1236 in
1553 1164 1601 1240 lu·
1617 1209 1659 1248 m
1679 1190 1779 1249 ncn-

221 1280 290 1327 rorr
315 1264 403 1331 uteri
428 1281 525 1350 qucm
550 1262 583 1327 dc
608 1254 815 1331 calidioribus
839 1263 959 1326 naturis
969 1266 1150 1353 contingere
1173 1261 1334 1332 diximosa
1358 1260 1601 1338 conserrtaneum
1615 1266 1776 1345 rosamo

218 1361 299 1429 enirn
325 1357 374 1430 est
399 1358 550 1451 adaugeri
575 1359 710 1429 calorem
736 1378 843 1425 rerum
868 1358 1041 1427 calidarum
1066 1354 1146 1437 usn,
1169 1358 1358 1453 malumque
1382 1362 1467 1431 malo
1491 1353 1742 1435 consummati«

214 1454 292 1525 lari.
320 1460 430 1527 immo
452 1480 491 1527 er
517 1456 709 1525 Dioscoridis
733 1450 881 1525 scrutentia
906 1476 1014 1529 crocus
1038 1478 1183 1529 venerem
1207 1456 1371 1533 stimulat,
1395 1479 1428 1530 at
1451 1454 1511 1530 usn
1535 1429 1778 1563 cro-fl·²5·¹‘

213 1560 427 1651 mmagmatis
450 1560 486 1625 δι
511 1554 660 1625 srruiiium
684 1554 929 1625 immoderatum
963 1560 1007 1628 rei
1039 1578 1175 1629 renercoe
1208 1561 1387 1655 appeticum
1411 1555 1603 1658 compescere
1637 1546 1649 1573 '

212 1650 401 1725 studemus.
429 1655 460 1723 Si
487 1675 562 1725 vcro
634 1654 658 1721 is
679 1648 804 1740 objiciat
827 1676 984 1747 coquere,
1008 1656 1162 1733 mulcere,
1187 1660 1369 1735 mitificare,
1394 1675 1530 1755 apteque
1554 1682 1607 1733 ca·

210 1750 411 1848 taplasmatis
433 1739 561 1821 miscere
596 1754 706 1822 olere:
731 1774 848 1823 verum
878 1754 958 1823 illud
982 1776 1087 1849 quum
1112 1757 1154 1825 ad
1184 1750 1395 1853 supputatum
1427 1761 1604 1831 tenditur.

211 1851 276 1921 Sed
304 1854 339 1921 in
358 1849 464 1925 furore
488 1855 616 1923 uterino
639 1851 687 1920 nil
707 1852 772 1922 tale
795 1854 1007 1933 intendimus,
1032 1856 1132 1923 immo
1156 1856 1202 1923 nil
1225 1877 1283 1927 aut
1306 1864 1463 1951 exiguum
1487 1858 1545 1929 eilc
1569 1861 1604 1929 in

211 1949 278 2020 hoc
304 1952 423 2023 affestu
448 1954 584 2023 matttiae
608 1949 906 2028 demonstravimus·
934 1951 1002 2021 iliis
1025 1948 1257 2042 objectionibus
1290 1957 1345 2025 fiet
1378 1951 1448 2025 satis
1472 1956 1494 2025 ii
1518 1958 1605 2029 dixe-

210 2051 319 2119 rimus
342 2072 564 2145 crocomagma
591 2045 695 2123 ibium
720 2076 785 2121 non
809 2046 977 2149 ullrrpari,
1001 2046 1051 2119 sed
1076 2045 1299 2145 frigidioribus
1323 2052 1368 2121 ad
1390 2072 1606 2152 contempera-

207 2148 333 2217 tionem
361 2144 552 2221 admisceri.
590 2154 659 2220 Aut
685 2156 791 2247 potius
823 2151 859 2219 id
884 2152 950 2221 lieri
977 2151 1113 2220 maxime
1147 2151 1239 2245 qnod
1261 2151 1528 2223 inflammationes
1561 2155 1605 2224 ad

211 2241 334 2316 lacrum
361 2253 468 2342 ignem
492 2266 655 2340 vergentes
678 2272 808 2327 uocum
833 2254 921 2337 iuvet
947 2250 1148 2346 plurimum,
1171 2250 1261 2344 quod
1287 2253 1321 2318 in
1346 2249 1473 2343 uarioiis
1499 2252 1603 2348 papii·

214 2338 317 2439 lisque
345 2368 522 2443 puerorum
546 2364 699 2440 apparet,
722 2341 844 2441 quibus
868 2346 954 2416 oculi
979 2369 1073 2414 croco
1097 2347 1173 2416 illiti
1198 2368 1386 2420 venenatam
1417 2344 1603 2446 serpentem·

213 2441 1219 2616 iiaiiiititillatiiiiiiiiitliii
1255 2448 1439 2615 l‘i‘lli
1462 2449 1600 2619 iiii:

212 2567 324 2734 frigo}
342 2637 445 2714 obrile
468 2660 542 2711 ante
567 2664 604 2711 cx
630 2588 737 2739 Hipp'.
757 2582 954 2711 docuimus.
990 2643 1064 2713 ideo
1096 2646 1191 2715 etiam
1220 2568 1258 2715 ld
1283 2568 1457 2743 phrdlltide
1481 2605 1598 2717 aiicdu
1612 2693 1683 2762 gn·
1698 2682 1719 2740 1:
1735 2684 1768 2743 ὦ,

216 2738 405 2812 calidiiiimo
429 2742 570 2812 remedia
595 2737 709 2835 frigida
734 2742 843 2811 calidis
867 2760 1176 2837 contemperantur,
1209 2766 1249 2813 ne
1271 2748 1305 2813 in
1329 2752 1527 2816 contrarium
1552 2742 1599 2815 al-
1611 2766 1752 2827 Alcman

211 2834 334 2911 iccium
361 2862 433 2938 pars
457 2840 636 2911 adducatur
658 2890 671 2910 ,ι
698 2841 757 2911 Sod
782 2842 814 2910 id
841 2836 964 2913 facilius
987 2844 1193 2913 metuendum
1225 2840 1269 2912 eii
1304 2839 1365 2913 ubi·
1387 2848 1516 2913 materia
1541 2846 1597 2914 aii·
1614 2846 1712 2903 Aesim
1744 2865 1769 2901 e.

213 2959 279 3032 qua
307 2940 398 3012 adest
420 2962 493 3036 quae
517 2938 665 3012 aueum
689 2938 761 3010 alit.
788 2938 878 3011 Nam
903 2942 987 3013 dum
1017 2966 1090 3036 quc
1115 2937 1189 3012 lunt
1213 2938 1328 3033 frigida
1362 2944 1563 3038 applicantur
1587 2921 1776 3062 ,²·'1'“'⁴⁵·‘

215 3035 334 3135 duplex
361 3041 600 3112 incommodum
635 3032 807 3134 sequitur,
841 3063 944 3112 tntum
978 3047 1058 3136 quia
1088 3039 1217 3108 difflatu
1253 3034 1442 3133 prohibetur
1473 3022 1641 3112 materia²'
1662 3022 1711 3068 ‘²‘

212 3140 291 3206 acris
318 3144 357 3212 δε
380 3143 481 3210 tctruis
504 3163 580 3234 quae
605 3139 758 3212 adustum·
779 3143 971 3209 committit.
998 3140 1147 3206 Alterum
1182 3136 1419 3207 incommodum
1444 3138 1488 3209 est
1511 3140 1601 3232 quod
1619 3218 1631 3226 „

237 3257 319 3308 uum
346 3239 485 3312 calidum
520 3245 555 3310 dr
591 3235 742 3328 frigidum
778 3259 834 3330 par
860 3245 894 3304 in
919 3237 1044 3328 agendo
1070 3254 1196 3331 tempus
1225 3229 1391 3316 habeant,
1424 3234 1532 3334 dispar
1563 3239 1600 3308 iit

213 3255 360 3409 deuritas
385 3337 458 3408 Gai.
472 3359 502 3422 7.
530 3336 669 3404 method
691 3360 724 3418 4.
751 3351 946 3404 acutorum·
990 3335 1117 3428 Utporc
1140 3356 1178 3402 er
1203 3329 1351 3404 sententia
1376 3337 1477 3436 Hipp,
1503 3331 1598 3407 febris

210 3435 320 3504 ardens
349 3439 388 3506 fic
412 3458 518 3528 quum
543 3451 652 3503 termes
675 3433 793 3502 irhores
827 3453 846 3501 a
882 3431 1002 3504 venulis
1034 3428 1176 3502 arclaiiis
1208 3433 1447 3504 attrahuntur:
1486 3437 1597 3507 deliria
1659 3485 1668 3512 .·

210 3527 415 3604 oboriuntur
433 3526 537 3602 tribus
559 3533 599 3601 do
621 3531 747 3608 caulis,
778 3527 883 3622 qiaum
908 3537 942 3598 in
968 3523 1055 3602 febre
1080 3527 1203 3626 irriguis
1236 3533 1329 3626 (qni
1355 3534 1529 3629 plurimum
1554 3536 1597 3604 ad

210 3632 417 3724 prudentiam
443 3627 517 3704 fracti¹
540 3631 745 3726 Hippocratis
779 3623 964 3715 sternentia)
998 3624 1123 3724 salignis
1158 3633 1197 3700 de
1229 3635 1358 3728 propria
1382 3630 1514 3702 liatione
1544 3637 1596 3702 di·
1613 3634 1767 3712 Hippuri

211 3748 384 3814 movetur,
408 3755 510 3826 quum
535 3733 741 3806 concitatur,
759 3731 793 3798 dt
819 3719 939 3799 irrosus
961 3725 1185 3821 iciiorososque
1207 3730 1281 3812 iit(
1305 3730 1397 3823 quod
1421 3753 1520 3824 graece
1543 3732 1594 3801 ds
1610 3713 1767 3779 ''mlh“
1805 3781 1809 3788 -

212 3829 293 3897 citur
317 3833 428 3916 mg,
450 3833 461 3912 )
487 3830 603 3898 accedit
629 3827 779 3921 &quod
805 3835 878 3897 terri
903 3849 1037 3925 vapores
1061 3822 1186 3899 sursum
1217 3829 1408 3896 efferuntur.
1437 3824 1506 3898 Usu
1541 3789 1766 3946 fri-‘2:22‘

212 3927 362 4017 gieiorum
389 3923 552 4021 prastrtim
580 3930 601 3996 ii
626 3928 837 4025 hypnoticum
861 3928 940 4022 quid
978 3921 1129 4006 habent,
1165 3919 1332 4021 prasertim
1367 3949 1470 4020 quum
1496 3930 1594 4025 appli-
1611 3955 1724 4031 &pp-,11
1739 3972 1760 4010 „

213 4043 325 4096 cantur
350 4031 569 4122 reprimuntur
593 4030 678 4096 intro
703 4029 724 4096 ii
751 4019 822 4095 tetri
847 4047 978 4121 vapores
1001 4027 1059 4120 qui
1084 4030 1197 4095 mentis
1221 4047 1324 4094 arcem
1350 4037 1452 4117 magis
1475 4022 1594 4099 labefac
1609 4033 1739 4103 nemori,

214 4127 321 4202 dunt,
346 4126 381 4194 dt
405 4126 664 4220 quum-alioqui·
684 4123 788 4198 fluam
813 4125 1017 4218 reiiuaotquc
1041 4147 1154 4193 eorum
1179 4143 1285 4194 motus
1311 4122 1443 4204 fiiiitnr,
1469 4146 1506 4197 ut
1532 4133 1594 4199 mi·

216 4241 284 4292 tum
310 4246 377 4294 non
402 4227 438 4294 iit
463 4227 485 4295 st
511 4237 545 4294 in
569 4247 690 4322 partem
715 4229 746 4294 in
771 4247 838 4316 qua
864 4223 1013 4292 sistuntur
1037 4225 1233 4314 tyrannidem
1258 4244 1443 4305 exerceant,
1476 4230 1511 4296 dt
1535 4249 1595 4324 pto

214 4323 323 4393 affeciu
348 4343 590 4404 momentaneo,
615 4348 651 4394 ac
675 4321 786 4417 fugace
811 4321 956 4393 constans
983 4317 1129 4416 linusque
1153 4324 1350 4393 inducatur.
1384 4326 1443 4394 Sed
1468 4328 1500 4394 in
1524 4347 1596 4398 ute·

205 4422 284 4489 rino
306 4419 414 4494 lumrc
438 4431 544 4494 minin
567 4421 611 4494 eti
635 4417 842 4493 formidabilis
866 4419 1119 4516 refrigerantium
1144 4419 1238 4500 usus,
1262 4421 1353 4516 quod
1377 4424 1422 4492 nii
1447 4425 1511 4494 talc
1528 4447 1596 4494 me·

218 4531 362 4590 ruamus.
390 4529 438 4596 Eo
460 4543 568 4596 antem
594 4521 941 4616 magis-immideratos
964 4521 1021 4593 elle
1045 4517 1123 4622 saepe
1148 4523 1200 4592 hic
1224 4541 1377 4618 oportrta
1401 4544 1604 4615 omnemque>

221 4619 364 4687 medendi
387 4618 491 4694 seriem
518 4643 692 4722 pervemoe
715 4622 806 4716 quod
830 4645 907 4694 ctnn
931 4623 1122 4698 mulierculis
1146 4645 1194 4690 res
1218 4623 1274 4701 stt,
1299 4615 1418 4715 quibus
1444 4623 1504 4692 hoc
1521 4645 1595 4717 pro·

221 4737 325 4810 prtum
350 4717 396 4790 eii
416 4715 462 4790 ob
486 4725 601 4816 ingenii
627 4725 845 4819 impotentiam
871 4741 909 4793 ut
933 4725 1077 4793 nitantur
1110 4726 1143 4790 in
1178 4725 1311 4792 vetitum
1339 4738 1516 4813 negataquc
1538 4739 1598 4784 cu·

223 4816 331 4912 piant,
355 4825 390 4890 δι
416 4823 549 4891 maxime
571 4843 645 4892 curn
671 4828 712 4893 iis
731 4815 857 4915 qulbus
877 4826 1006 4892 uterino
1029 4821 1145 4893 affcftu
1171 4843 1261 4889 mens
1283 4813 1438 4891 aberrat,
1471 4814 1600 4883 delirat·

222 4929 299 5002 que.
323 4919 495 5018 Captanda
519 4939 623 4990 tamen
647 4921 690 4991 eli
713 4923 855 4994 occafio,
880 4927 912 4988 δι
940 4925 971 4994 vi
996 4927 1067 5014 cogi
1089 4913 1225 4997 debent,
1251 4921 1273 4986 fi
1299 4916 1343 4982 nii
1370 4915 1510 5005 precario
1528 4915 1598 4985 ficri
1675 4940 1679 4950 ·

224 5013 343 5108 poten.
380 5021 507 5090 Etenim
531 5019 788 5094 muliercularum
825 5020 957 5092 aiiccins
980 5013 1057 5117 sape
1090 5013 1165 5086 sunt
1197 5002 1478 5092 immedicabiies,
1509 5013 1600 5106 quod
1703 5091 1710 5108 Ι

1467 5133 1565 5185 omne

1710 969 1738 1006 li·

1617 1046 1675 1105 pte
1702 1026 1780 1086 abac

1894 4042 1908 4080 l
