4434 6000
473 551 797 627 oavrnenmn
819 552 1162 631 renuentum
1180 554 1385 631 Moron.
1528 575 1575 654 99

214 684 409 753 committit
419 684 561 781 Epialam
585 685 700 757 caloris
723 688 756 755 dr
770 682 892 779 frigoris
901 684 1080 781 participem
1105 683 1198 777 quod
1222 706 1303 778 egre
1326 682 1435 754 caltiat
1450 730 1461 761 ,
1477 684 1625 778 agredo·

217 801 339 850 mttur
365 804 386 851 a
410 784 535 859 calore,
557 804 698 877 eumque
718 779 807 853 facile
831 808 895 853 non
921 786 1093 879 concipiatt
1116 784 1332 855 undehumor
1354 779 1625 879 stmiputrefados

214 876 263 946 est
291 882 424 951 ratione
448 880 631 977 putrefafiae
657 888 754 979 partis
776 884 881 955 calore
904 882 1077 959 inducens,
1102 887 1253 978 imputris
1273 904 1353 955 vero
1372 889 1500 951 ratione
1522 878 1784 974 figulini-odd»

214 980 280 1053 ris,
310 979 420 1070 idque
443 982 551 1051 eodem
579 1001 740 1077 tempore,
764 987 798 1052 δι
819 983 940 1077 quavis
961 982 1104 1077 corporis
1125 1000 1217 1074 parte
1238 984 1334 1052 etiam
1352 982 1484 1051 murima
1508 998 1547 1049 ut
1562 978 1657 1049 ata-²·
1674 960 1707 1019 ‘¹‘
1728 958 1785 1037 ‘'ff·

207 1092 250 1143 tc
277 1074 413 1149 dietum
439 1076 511 1153 est.
539 1082 576 1148 ln
600 1102 671 1173 quo
690 1078 895 1151 difficultatis
929 1080 1036 1149 nodus
1058 1076 1217 1149 confidit.
1242 1084 1300 1148 An
1320 1105 1386 1149 non
1408 1080 1492 1148 idem
1516 1036 1678 1150 ertrriss‘b'

214 1166 376 1247 febribus
401 1176 568 1273 periodieis
597 1177 753 1272 contingit
771 1194 787 1249 e
807 1180 900 1261 Quis
919 1183 1008 1247 enim
1037 1170 1170 1245 dubitat
1198 1180 1282 1268 quin
1307 1182 1375 1262 ejus
1397 1178 1541 1247 bumort't
1563 1182 1624 1271 qui

213 1292 311 1342 nunc
351 1272 578 1375 paroxysmum
612 1279 788 1347 committit
830 1296 905 1369 part
944 1292 1106 1370 putreat,
1139 1274 1236 1345 altera
1268 1278 1418 1370 imputris
1458 1296 1620 1353 maneat,

215 1388 279 1441 aut
307 1368 427 1443 saltem
452 1374 531 1443 levis
565 1375 715 1470 quaedam
750 1372 908 1468 imptess'to
940 1374 1052 1441 caloris
1084 1391 1229 1448 manet,
1262 1396 1336 1465 quae
1370 1365 1465 1441 causa
1496 1375 1556 1440 erit
1582 1370 1624 1441 ut

212 1472 321 1538 terrio
351 1490 414 1543 aut
447 1492 569 1565 quarto
605 1470 675 1569 post
703 1470 754 1541 die
785 1488 906 1566 repetat
939 1493 1045 1542 novus
1079 1466 1318 1567 paroxysmuse
1353 1462 1454 1538 Verbi
1480 1470 1585 1560 gratia
1607 1516 1622 1547 ,

211 1564 465 1665 Sopltroniscus
487 1588 544 1639 aut
567 1570 660 1641 dieta
690 1587 749 1639 aut
771 1572 848 1643 vitre
877 1566 1023 1640 instituto
1055 1570 1194 1641 multam
1226 1569 1375 1638 humoris
1400 1566 1620 1637 melancholici
1679 1626 1687 1635 .
1720 1583 1725 1589 ·

213 1668 251 1736 dr
283 1664 459 1737 faeculenti
481 1671 603 1765 copiam
627 1670 754 1761 coegit.
792 1672 868 1754 Ejus
892 1690 964 1767 pars
989 1686 1094 1765 putrer
1118 1668 1161 1739 ad
1184 1663 1365 1765 patorpsmi
1383 1660 1505 1736 febrilis
1522 1670 1620 1761 'geno

211 1767 390 1835 rationem
411 1791 422 1835 e
444 1767 556 1839 deinde
580 1762 717 1837 succedit
743 1755 885 1840 drutb'o
909 1771 1067 1861 quoniam
1089 1766 1246 1861 quicquid
1269 1768 1309 1837 de
1333 1766 1476 1836 humore
1494 1766 1617 1836 endan·

213 1862 362 1933 cltolico
384 1865 516 1939 calorem
543 1868 804 1961 putredinemque
827 1886 1057 1945 contraxerat,
1088 1870 1124 1937 id
1147 1886 1255 1937 totum
1279 1860 1494 1941 absumitur,
1516 1859 1617 1935 discu-
1698 1856 1703 1865 “
1751 1954 1755 1961 Ι

213 1962 310 2029 titur
341 1958 553 2035 &tenerescit
586 1983 626 2034 ut
648 1966 739 2035 doeet'
764 1967 840 2037 Gal.
868 1966 992 2035 Tamen
1024 1984 1165 2035 remanet
1196 1966 1364 2058 quoddam
1389 1956 1563 2040 ‘'reflui“
1578 1973 1620 2034 ut

216 2079 377 2141 vocant,
396 2064 477 2131 dum
501 2064 649 2137 videlicet,
669 2067 816 2137 remansit
841 2065 989 2134 nonnihil
1020 2062 1132 2133 caloris
1163 2065 1200 2131 in
1230 2064 1360 2155 reliqua
1380 2065 1521 2133 materiei
1543 2046 1779 2227 panamens-

214 2174 283 2235 te,
323 2161 412 2231 unde
437 2185 521 2233 nova
554 2166 750 2258 repetitionis
779 2165 902 2234 occasio
928 2158 1094 2261 suppetit.
1133 2162 1171 2228 ld
1195 2156 1301 2258 ipsum
1335 2162 1404 2229 strui
1440 2158 1550 2230 colum
1574 2150 1654 2227 mif·
1674 2132 1784 2215 ‘'ff-

213 2258 376 2353 exemplo
411 2258 607 2331 demonstrat
638 2260 718 2331 Gal.
740 2262 857 2331 doeens
886 2262 1058 2355 quomedo
1087 2260 1172 2331 calor
1204 2261 1446 2330 continuatione
1476 2214 1782 2364 qussdamgi'mpg

218 2377 374 2451 corpora.
397 2352 606 2452 putressentia
630 2363 768 2451 aumgat
802 2364 835 2427 &
869 2354 1084 2456 depastatur.
1121 2357 1223 2427 Unde
1243 2380 1334 2429 nota
1351 2358 1476 2428 ootafo
1494 2350 1767 2451 sulem-iarn.

219 2456 328 2523 tionis
357 2476 513 2553 vaporum
537 2479 593 2525 eor
617 2452 813 2537 ferientium,
838 2479 874 2527 ac
899 2458 1030 2555 proinde
1055 2479 1146 2529 nova
1168 2451 1428 2527 exacerbationis.
1455 2454 1492 2523 Si
1507 2454 1677 2549 itaqtrefeb·

220 2573 303 2646 pars
332 2574 401 2623 una
424 2554 638 2625 melancholici
665 2556 808 2627 humoris
833 2574 969 2652 putrer,
1002 2556 1064 2627 alia
1090 2553 1203 2629 vitiofi
1224 2555 1391 2648 quidem,
1421 2554 1546 2632 cruda,
1568 2559 1620 2625 tri·

220 2645 382 2743 scidaque
405 2650 538 2739 erfiflit,
561 2676 621 2723 eur
644 2676 709 2723 non
733 2678 806 2751 qua
816 2674 888 2752 pars
913 2673 1019 2751 portet
1044 2650 1168 2726 sensum
1189 2654 1321 2732 caloris,
1345 2676 1420 2747 qua
1441 2654 1540 2723 cruda
1563 2674 1620 2722 exa

223 2746 311 2817 fistit
337 2744 462 2821 sensum
485 2747 615 2845 frigoris
633 2746 779 2824 exhibeat
802 2758 849 2824 At
873 2754 961 2825 diets
980 2754 1100 2850 duplex
1120 2750 1165 2822 etr
1190 2756 1341 2823 materia.
1364 2755 1456 2824 Nam
1481 2774 1554 2845 quat
1571 2750 1619 2822 fa·

221 2846 325 2919 ttura
351 2846 399 2917 est
418 2848 600 2943 presentem
623 2848 850 2948 paroxysmum
881 2872 1058 2932 mouetur,
1091 2869 1227 2950 portet,
1260 2854 1435 2928 inritatur,
1468 2868 1620 2920 naturam

225 2950 407 3044 proritat,
442 2952 575 3022 materia
598 2945 708 3022 morbi
736 2950 907 3042 eonjundia
936 2952 995 3024 elle
1017 2954 1166 3023 dicitur:
1203 2950 1317 3021 Altera
1344 2970 1419 3042 quae
1441 2952 1621 3017 etiamnum

220 3047 290 3128 iam
319 3049 430 3146 incipit
454 3050 567 3122 caloris
589 3045 709 3122 febrilis
731 3049 906 3147 vestigium
923 3048 1225 3145 reciperenondum
1246 3063 1377 3142 putrer,
1398 3055 1536 3114 immota
1553 3066 1620 3116 ma·

225 3163 284 3214 net
310 3190 323 3220 ι
356 3164 478 3218 natura
503 3154 568 3222 vim
593 3150 842 3246 molestiamque
861 3170 929 3218 non-
951 3146 1050 3216 infert
1072 3193 1095 3223 ,·
1109 3144 1295 3214 antecedent
1322 3166 1420 3215 novae
1446 3142 1619 3214 aeetffionit

226 3238 355 3312 febrilis
376 3249 516 3316 materies
539 3247 597 3318 elle
620 3249 737 3316 dicitur
756 3295 770 3326 ,
800 3271 870 3337 quo
895 3248 934 3314 stt
957 3264 995 3314 ut
1019 3243 1214 3341 repedanda
1234 3258 1303 3311 nort
1331 3242 1371 3312 fit
1394 3244 1560 3335 inequalis
1581 3265 1619 3316 ea

224 3341 357 3437 duplexv
378 3347 578 3440 intemperies
598 3368 675 3436 quae
696 3349 730 3412 in
754 3343 866 3440 Epialo
887 3362 1044 3438 appetet.
1083 3345 1130 3411 At
1153 3345 1287 3412 materie
1305 3348 1405 3411 etiam
1426 3340 1533 3436 tptan
1553 3343 1618 3411 do·

224 3439 305 3532 plere
321 3437 401 3518 ..cst,
426 3445 541 3533 itaque·
563 3444 617 3511 vir
641 3459 703 3510 tete
726 3445 843 3511 eximes
859 3439 916 3508 isto
934 3435 1086 3538 scopulo,
1111 3439 1272 3536 duplicem
1291 3459 1399 3510 autem
1425 3448 1471 3500 σύ
1489 3433 1620 3501 r‘anlm

225 3537 287 3606 elle
316 3544 482 3608 materiem
508 3537 579 3606 Gal.
605 3541 636 3606 in
663 3535 726 3608 suis
747 3561 827 3608 cont.
851 3539 943 3610 dooet
968 3541 1017 3609 his
1041 3533 1176 3616 verbis,
1211 3535 1334 3608 fortalle
1361 3559 1437 3610 vero
1462 3559 1517 3610 nee
1542 3537 1615 3608 fim-

229 3636 461 3726 pliciter,·ute
484 3659 502 3706 a
527 3637 661 3732 timplioc
684 3633 777 3706 causa
802 3643 881 3734 quis
901 3637 1100 3710 affimarrrit
1133 3638 1212 3706 tales
1234 3640 1306 3707 fieri
1335 3631 1435 3708 febres
1457 3637 1622 3734 Epialas,
1716 3669 1731 3684 κ

228 3751 291 3802 aut
318 3725 420 3804 febres
442 3759 513 3806 tutu
540 3739 642 3828 rigore
666 3737 676 3819 (
701 3737 856 3825 equidem
891 3739 1013 3808 diaetae
1047 3741 1195 3833 pituitam
1220 3734 1349 3804 dulcem
1383 3755 1448 3802 non
1473 3738 1687 3843 inducere&
1702 3785 1746 3842 ὤ
1762 3761 1801 3842 1¹

229 3834 395 3925 rigorem,
418 3829 468 3904 sed
494 3835 595 3905 levem
617 3836 793 3929 quamdam
817 3832 1116 3930 refrigerationem.
1150 3836 1165 3920 l
1194 3833 1283 3933 Nam
1309 3831 1482 3926 quidquid,
1496 3836 1658 3932 pituita,
1679 3825 1789 3941 §.p-p,

232 3927 387 4022 putrescit
411 3934 557 4002 attendit
575 3929 732 4014 febrem,
763 3935 933 4026 reliquum·
950 3935 1100 4004 noudum
1146 3925 1330 4007 umescens,
1361 3954 1400 4000 err
1422 3953 1495 4025 quo
1515 3936 1679 4026 rigcntfeb,

232 4051 300 4098 non
328 4028 372 4100 eil
396 4027 532 4118 ejusdem
555 4033 729 4125 qualitatis
758 4053 834 4102 enm
864 4055 995 4128 eaquae
1027 3955 1205 4130 putrescit.
1241 4029 1276 4099 Si
1298 4023 1346 4099 ab
1374 4033 1509 4126 imputti
1532 4035 1621 4127 rigor

231 4127 293 4207 fit,
317 4133 354 4198 δι
378 4151 398 4198 a
423 4125 597 4225 putrefndta
620 4125 737 4210 febris,
759 4131 880 4228 duplet
902 4139 963 4201 erit
985 4127 1095 4202 eausa.
1122 4133 1172 4200 Sit
1194 4122 1292 4199 febris
1304 4123 1350 4199 ab
1369 4130 1437 4199 alio
1455 4131 1493 4202 fit
1516 4126 1617 4202 taust

234 4245 368 4316 genere,
391 4235 484 4320 rigor
505 4221 553 4296 ab>
572 4229 657 4298 alio.
679 4233 891 4325 Quamquam
917 4225 988 4298 bilis
1012 4253 1067 4328 per
1089 4224 1191 4298 febres
1211 4232 1360 4313 tertianas
1382 4231 1416 4296 δι
1442 4231 1567 4321 rigores·
1583 4235 1619 4304 tr

234 4317 352 4396 febrem
377 4326 495 4398 efficit.
523 4329 706 4398 Dicendum
729 4331 821 4400 aliter
845 4329 1093 4424 ittaqtialitatem
1120 4331 1186 4430 §eti
1211 4331 1245 4398 in
1270 4320 1412 4396 febribus
1435 4331 1619 4424 periodicis,

236 4423 329 4492 aliter
350 4427 386 4496 in
408 4426 547 4523 Epulo,
573 4428 695 4496 tametsi
720 4429 791 4498 Gal.
814 4430 907 4522 quod
930 4447 1041 4498 notate
1065 4446 1195 4525 oportet
1215 4449 1323 4498 omnes
1348 4421 1477 4508 febres,
1507 4444 1623 4523 praeter

242 4517 396 4604 hiulcat,
416 4547 454 4594 ex
478 4525 598 4622 duplici
623 4529 771 4620 inaqual.
796 4529 1003 4624 intemperie,
1024 4529 1124 4598 calida
1149 4523 1261 4596 seilicet
1284 4531 1318 4597 dt
1343 4521 1459 4618 frigida
1481 4526 1552 4596 fieri
1572 4521 1623 4596 as·

241 4613 384 4689 feverett
410 4625 488 4694 item
510 4626 580 4694 alio
600 4625 704 4694 modo
723 4626 882 4724 duplicem
907 4623 1038 4725 spreturi
1061 4629 1228 4697 materiam
1251 4627 1284 4692 in
1309 4624 1454 4723 Epulo,
1475 4625 1566 4696 aliter
1587 4628 1623 4691 in

243 4715 311 4786 aliis
334 4711 478 4792 febribus
495 4725 694 4818 inequalitas
719 4727 756 4793 in
777 4728 943 4824 periodiris
971 4719 1113 4798 febribus
1133 4729 1236 4795 initio
1269 4739 1398 4794 tantum
1431 4725 1472 4792 fit
1495 4734 1627 4813 propter

247 4835 374 4886 motum
400 4821 535 4890 materie
558 4820 762 4918 purmstentit
782 4829 817 4894 δι
842 4825 1039 4896 affcffiomm
1063 4825 1178 4896 caloris
1199 4823 1369 4894 naturalis,
1393 4820 1514 4888 etenim
1541 4835 1626 4887 tant-

241 4916 298 4986 etli
321 4916 446 4990 bnmor
469 4917 590 4990 ealidue
612 4925 747 5018 aeer'que
771 4925 833 5000 lit,
857 4944 967 4996 tamen·
990 4928 1126 5020 rigorem
1152 4929 1189 4993 δι
1209 4918 1310 5012 frigor
1332 4915 1451 4987 inducit
1474 4935 1515 4983 ex
1530 4937 1627 4988 eren·

235 5031 286 5084 ,tu
310 5033 439 5088 tantum
464 5011 509 5088 ob
533 5017 690 5094 recursum
716 5023 883 5094 caloris&
912 5021 1058 5119 spineus.
1086 5027 1130 5090 At
1154 5025 1198 5179 ip
1214 5015 1329 5111 Epialo
1351 5009 1452 5106 frigus
1473 5011 1628 5181 <liupun-

1249 5131 1269 5175 2
1474 5135 1506 5182 m
1553 5141 1577 5184 o
