4434 6000
586 506 751 588 LlllER
786 508 1200 588 nuculeum,
1491 538 1557 584 zor

237 643 268 711 in
289 657 398 712 omnes
422 644 559 714 materia
584 661 688 741 partes
711 645 897 728 inlinuantis
920 643 1093 740 significat,
1119 647 1238 716 levitas
1263 646 1398 716 materia
1423 643 1562 720 indolem
1581 649 1620 716 dt

236 736 428 818 bonitatem,
452 697 582 836 vimqui
607 745 745 839 partium
770 739 940 814 solidarum
964 735 1106 812 albedo.
1140 745 1176 812 Si
1212 766 1269 842 per
1301 745 1499 841 putredinem
1527 740 1616 814 fibrae

235 833 369 918 absunt,
393 848 453 934 qui
478 845 514 911 lit
538 861 577 910 ut
600 845 658 935 qui
681 843 715 910 in
739 835 880 912 febribus
902 841 1074 919 humores,
1096 861 1155 914 aut
1180 845 1214 910 in
1239 845 1340 922 vans,
1364 861 1421 913 aut
1445 859 1532 912 turra
1555 867 1616 940 pu-
1711 911 1713 920 ,

234 935 367 1009 treseunt
391 941 425 1008 in
450 935 659 1027 sepimentum
684 941 821 1032 legitimi
856 943 945 1036 puris
963 935 1094 1010 dotibus
1117 961 1267 1012 ornatum
1299 939 1466 1012 facessante
1489 944 1558 1010 Aut
1581 945 1615 1012 iu
1760 953 1764 960 '

234 1061 306 1134 pus,
328 1037 421 1132 quod
445 1042 479 1108 in
502 1041 617 1108 criticis
641 1033 828 1112 abscellibus
850 1045 1017 1111 cernitur?
1050 1042 1235 1134 Quinetiam
1274 1063 1311 1109 ex
1336 1031 1503 1136 generibus
1526 1042 1616 1136 puris

233 1137 315 1206 aliud
338 1141 473 1208 omnino
496 1156 606 1208 eontra
629 1139 803 1222 Naturam⁶
819 1138 972 1215 uidetur,
996 1135 1108 1208 loetens
1131 1160 1168 1208 ae
1191 1137 1313 1218 livens,
1339 1139 1429 1232 quod
1454 1139 1488 1206 in
1515 1142 1614 1208 tnuri-

235 1238 307 1305 ruris
331 1235 438 1309 videre
461 1234 522 1304 est.
548 1237 669 1306 Contra
696 1258 775 1308 vero
804 1239 837 1304 in
862 1239 897 1304 iis
920 1241 980 1329 qui
1015 1231 1140 1306 sanitati
1169 1237 1303 1328 proximi
1328 1233 1420 1308 sunt·
1444 1223 1548 1306 immo
1572 1237 1613 1308 li·
1718 1225 1723 1232 ’

234 1354 277 1402 cet
300 1339 433 1404 materia
457 1333 606 1406 distrasta
628 1333 894 1429 diuulsaqmlit,
920 1337 951 1404 ui
977 1341 1077 1430 partis
1097 1329 1203 1404 solida
1225 1327 1388 1406 elaborata
1411 1335 1550 1402 unitur:
1576 1337 1612 1406 de

232 1430 279 1491 eir
297 1425 455 1510 iumen
489 1433 527 1518 fir
551 1427 708 1511 secretio,
742 1438 905 1527 &quum
938 1437 971 1500 io
1008 1426 1129 1502 morbis
1153 1435 1252 1504 urina
1275 1433 1376 1504 emliae
1398 1454 1434 1501 ae
1457 1427 1724 1525 grumol'aerup.4.

230 1537 393 1602 extenuari
417 1531 594 1608 dicuntur,
616 1531 648 1599 id
672 1555 739 1602 non
762 1528 807 1600 est
829 1530 920 1600 aliud
943 1552 1041 1625 quatu
1066 1526 1241 1602 elaboratas
1264 1533 1349 1601 reddi
1374 1535 1408 1600 in
1432 1531 1554 1616 calore,
1577 1529 1724 1610 &Aw-

229 1629 449 1706 consistentia,
474 1631 684 1700 &contentis
714 1621 916 1708 laudabiles,
947 1631 1106 1724 quantula
1138 1628 1177 1698 fit
1208 1631 1409 1727 hypostalis,
1432 1629 1611 1698 dummodo

227 1727 323 1823 eulpa
347 1729 501 1800 caruerit.
525 1725 577 1796 Sic
600 1721 777 1798 absurdum
801 1728 846 1798 est
867 1749 935 1798 eam
968 1722 1025 1796 mli
1056 1731 1179 1824 pituita
1215 1733 1250 1800 δι
1274 1725 1382 1800 l'enrini
1404 1726 1610 1800 adhaefionem

226 1832 445 1922 unionemque
468 1817 625 1904 tribuere,
646 1829 719 1924 puri
743 1830 832 1899 omni
855 1826 1022 1898 adimere.
1052 1827 1215 1924 Siquidem
1238 1851 1299 1926 pus
1324 1834 1358 1900 δι
1384 1819 1518 1896 sedimen
1540 1827 1612 1896 lau·

224 1920 332 1996 dabile
355 1927 509 1996 eolraret.
535 1925 626 2021 Qrid
649 1927 671 1994 sr
695 1923 826 1996 eruore
849 1925 1047 2022 Hippocrate
1076 1928 1185 1996 omnia
1218 1949 1274 2021 per
1308 1926 1506 2021 putredinem
1531 1917 1612 1996 cras-
1656 2001 1661 2014 ,
1708 2001 1713 2014 ,

222 2017 341 2094 sestant
361 2037 371 2090 l
390 2024 432 2093 Et
453 2025 525 2094 lieet
548 2025 580 2092 id
604 2022 695 2118 quod
719 2027 753 2093 in
778 2045 837 2120 pus
861 2027 943 2094 verti
965 2016 1080 2095 deber,
1101 2042 1232 2100 tenue,
1262 2017 1398 2094 strosum
1421 2045 1458 2090 ae
1482 2021 1609 2094 dissolu·
1621 1996 1778 2136 mgb?

222 2139 293 2192 turn
322 2119 418 2192 luerit
431 2168 444 2201 ,
468 2123 545 2194 dum
569 2128 695 2216 cogitur
718 2145 754 2192 ae
778 2120 999 2199 mirificatur,
1034 2111 1131 2192 libras
1163 2119 1414 2215 lentoremque,
1441 2120 1609 2190 coabiiouir
1636 2097 1669 2137 ''
1716 2102 1771 2138 '¹'

221 2215 331 2292 causas
356 2225 515 2316 acquirit.
540 2219 629 2289 Nam
656 2225 690 2289 δι
713 2222 817 2289 omnis
839 2216 942 2288 eodio
965 2217 1139 2288 iocraliat.
1165 2221 1272 2289 immo
1301 2241 1357 2290 nee
1380 2219 1485 2288 omnis
1509 2221 1608 2313 pitui-

220 2335 254 2387 ta
279 2337 550 2412 coagmentatur,
572 2338 679 2410 quum
704 2321 738 2386 δι
762 2319 796 2386 in
820 2319 966 2386 minimas
989 2334 1093 2413 partes
1115 2315 1252 2410 distringi
1278 2317 1461 2392 videamus,
1485 2319 1520 2386 ὃς
1543 2321 1609 2387 toti

218 2419 320 2488 urinae
347 2411 517 2486 remisoeri.
544 2414 607 2484 Pus
630 2433 740 2484 autem
764 2415 787 2482 sr
811 2436 832 2484 a
855 2408 986 2502 renibus
1009 2431 1142 2490 manat,
1164 2414 1243 2486 dum
1269 2418 1326 2490 rie
1349 2411 1521 2490 austadius·
1540 2419 1607 2484 uri-

216 2539 266 2584 nae
292 2515 423 2606 liquore
446 2513 608 2584 dirimitur
639 2535 676 2582 ac
698 2514 958 2592 comminuitur,
987 2516 1076 2608 puris
1107 2507 1245 2584 sormam
1278 2517 1413 2584 amittit·
1438 2512 1497 2584 Sed
1522 2515 1606 2584 male

216 2634 282 2708 pus
308 2619 430 2684 unione
454 2635 490 2682 ae
514 2615 785 2705 coagmentatione
815 2615 973 2706 primur,
1006 2630 1047 2681 ut
1082 2614 1117 2680 in
1150 2612 1309 2684 caleulum
1333 2615 1410 2706 cogi·
1429 2633 1498 2678 non
1564 2609 1607 2682 lie

215 2709 410 2782 conficiunt.
436 2709 525 2782 Nam
552 2733 661 2780 verum
688 2733 750 2804 pus
768 2717 841 2802 rogi
866 2709 977 2780 neeelie
999 2708 1073 2778 est.
1097 2711 1282 2806 Emppdeici
1301 2705 1489 2805 grandinofi
1526 2727 1606 2806 puta

213 2810 404 2878 retundunt
425 2833 445 2880 e
470 2808 616 2906 pedore,
635 2810 725 2901 quod
749 2814 867 2906 pusio
890 2807 1076 2902 grandinem
1102 2811 1301 2906 &tophum
1326 2829 1436 2881 coeat·
1469 2810 1512 2876 ln
1544 2801 1605 2877 ab·

212 2900 368 2976 seellibus
400 2927 539 3005 tempore
573 2911 608 2978 δι
633 2908 706 2975 loeo
728 2931 793 2976 non
826 2911 945 2978 curaris
981 2929 1041 3003 pus
1068 2901 1264 3004 lapidelcir.
1300 2908 1461 2978 Noverint
1493 2907 1606 2997 itaque

211 3004 312 3075 aliud
339 3004 397 3075 else
420 3009 606 3103 corrumpi,
628 3005 715 3075 aliud
740 3004 931 3102 putrescere.
955 3007 1174 3101 Corruptione
1191 3009 1270 3075 unio
1294 3004 1442 3080 collitur,
1463 3005 1603 3099 partium

213 3106 370 3173 diremtio
394 3106 587 3175 inducitur.
617 3104 675 3175 Per
709 3106 908 3201 putredinem
941 3121 999 3173 aut
1029 3106 1165 3173 omnino
1188 3109 1369 3183 retinetur,
1402 3120 1461 3173 aut
1485 3122 1604 3197 parum

213 3204 433 3283 diminuitur,
453 3222 511 3275 aut
536 3198 705 3274 elaboratis
722 3200 868 3299 partibus
893 3221 1052 3269 nouarum
1080 3194 1241 3273 fibrarum
1266 3205 1304 3272 lit
1326 3200 1491 3275 inductio.
1518 3202 1606 3271 Hinc

210 3302 519 3492 &fflbblssrtlbotffi
538 3324 711 3467 csbbbbbbb
723 3302 855 3467 asrbbog
866 3298 1062 3474 ,Ibbbpbrcrtlb
1086 3321 1168 3467 m:
1193 3297 1771 3483 &regunbrall‘bemvbbtbbmfflpdinn

210 3500 287 3568 cula
315 3498 492 3576 exstitere,
526 3492 688 3589 rerutque¹
709 3498 740 3564 iu
765 3518 825 3590 pus
847 3492 961 3565 fuere.
995 3496 1118 3565 Deinde
1152 3490 1325 3568 tuberculis
1354 3498 1444 3569 haud
1468 3494 1606 3565 celeriter
1614 3484 1646 3539 ²⁶
1667 3503 1769 3555 neem,

207 3600 324 3695 ruptis
349 3617 410 3691 pus
434 3599 468 3663 in
492 3596 628 3690 tophum
655 3600 806 3669 vertitur,
831 3599 889 3686 qui
913 3590 995 3663 lotar
1019 3616 1074 3688 per
1098 3617 1210 3665 venam
1245 3618 1319 3667 eum
1352 3594 1433 3665 lotio
1455 3596 1606 3687 exprimi·
1632 3585 1694 3629 ’Μ’

206 3714 291 3763 tur.
321 3694 447 3763 Locum
471 3694 558 3763 hunc
583 3690 663 3763 forte
686 3696 797 3778 rejiciet
821 3700 917 3785 quis,
939 3713 1046 3786 quum
1072 3714 1127 3762 nec
1153 3714 1248 3763 verus
1278 3694 1335 3763 elle
1360 3693 1522 3770 videatur,
1545 3712 1603 3761 nee

207 3796 339 3863 idioma
363 3790 503 3889 Hippoe
527 3792 671 3888 refipiat.
695 3792 823 3860 Accedit
848 3790 936 3884 quod
960 3782 1042 3859 liber
1065 3790 1185 3859 notlrus
1216 3790 1359 3861 ditatur.
1385 3790 1508 3861 Tamen
1535 3790 1601 3859 Ga·

205 3892 276 3961 len.
303 3908 470 3959 contentus
495 3890 596 3985 placet
621 3890 688 3959 alio
712 3891 748 3957 in
769 3890 860 3967 loeo,
883 3900 919 3961 dc
944 3908 982 3957 ut
1005 3888 1115 3957 doceat
1138 3911 1158 3958 a
1181 3907 1261 3984 pure
1285 3888 1443 3961 calculum
1468 3890 1545 3965 elle,
1569 3889 1604 3957 id

203 3990 276 4056 loci
306 3992 410 4055 citat.
442 3992 656 4083 Quamquam
753 3991 780 4055 is
813 3988 917 4083 placet
949 3980 992 4055 ab
1024 3982 1159 4061 mia&
1183 3990 1299 4083 pituita
1322 3992 1423 4079 cogit
1449 3988 1485 4057 ln
1510 3996 1602 4055 enar·

205 4086 319 4157 sanda
346 4104 453 4154 aurern
479 4084 627 4157 sententia
651 4010 867 4183 leffripfit:
904 4086 1099 4154 Exeretiones
1123 4088 1288 4157 urinarum
1313 4080 1464 4177 ejusmodi
1489 4034 1773 4191 arcuo-90:32&

207 4180 328 4256 sarum
354 4184 482 4279 pollone
505 4190 571 4255 fieri
596 4209 616 4255 a
638 4180 733 4255 causa
753 4208 852 4277 quam
877 4183 1150 4279 statuitqilippoe.
1179 4186 1254 4254 item
1281 4191 1315 4257 δι
1339 4208 1358 4255 a
1382 4206 1454 4255 rene
1477 4178 1701 4269 oblitu-seua.
1719 4190 1768 4253 tibss

206 4283 267 4353 ἂο
293 4304 411 4352 contra
437 4307 547 4353 uenam
573 4306 744 4375 magnam,
769 4278 880 4378 sapius
911 4302 1017 4353 autem
1052 4283 1114 4351 stne
1147 4277 1319 4353 tuberculis
1346 4283 1461 4361 fiunt,
1499 4308 1605 4378 quum
1620 4285 1647 4335 ⁶·
1661 4276 1742 4367 epid,

207 4378 331 4453 succus
354 4383 492 4461 erarius,
516 4382 566 4453 vel
592 4374 772 4475 glutinosus
802 4388 922 4451 exitum
957 4380 1117 4451 retardans
1151 4378 1341 4461 eon'ereverie
1363 4406 1383 4453 a
1406 4383 1511 4453 calore
1542 4352 1770 4489 loei''¹²⁸⁶·b²·³‘

208 4477 396 4551 arefastus.
422 4484 535 4575 ltaque
560 4484 693 4574 agnovit
716 4480 858 4551 arenulas
882 4504 903 4551 a
927 4502 1005 4576 pure
1029 4472 1111 4551 nasci
1136 4479 1250 4575 polit,
1279 4486 1313 4555 de
1345 4476 1530 4555 sententiam
1554 4452 1674 4551 itt-'m'
1708 4454 1755 4493 um

202 4582 290 4651 certi
319 4578 462 4651 audioris.
483 4606 547 4650 non
575 4585 696 4667 rejicit.

259 4678 345 4764 jam
371 4702 446 4749 uero
480 4684 643 4750 materiam
678 4676 793 4774 lapidis
823 4676 984 4749 constituit
1009 4678 1147 4755 Galenus
1177 4675 1308 4753 crassum
1341 4674 1720 4841 Βιΰῐῑῆθΐῦὓῆῗῗέωῗ·
1733 4690 1767 4807 2

1556 4794 1601 4839 e·
1648 4786 1656 4800 .
1698 4786 1705 4802 .

1610 4835 1671 4884 nae,
1689 4824 1789 4895 bum..

202 4774 393 4847 humorem
416 4782 482 4849 vias
503 4773 746 4849 obstruentem:
769 4781 811 4847 Et
834 4779 945 4874 paullo
969 4778 1091 4873 plenius
1114 4782 1179 4853 alio
1202 4782 1235 4847 in
1259 4776 1330 4849 loco
1347 4786 1382 4849 dt
1406 4770 1532 4847 cauum

203 4880 378 4947 ficientenr
405 4878 438 4941 δι
465 4880 626 4947 materiam
645 4870 832 4974 exposuit:
857 4878 953 4947 Pueri
985 4877 1079 4949 multi
1111 4881 1190 4973 quia
1211 4874 1387 4945 admodum
1412 4868 1485 4982 sunt
1508 4892 1766 4987 Wfffiaedpamg

200 4998 255 5048 ets
283 4972 463 5046 cumulant
496 4970 622 5047 sucrum
656 4980 781 5073 proprie
814 4976 952 5046 crudum
976 4976 1198 5074 appellatum,
1231 4994 1251 5041 a
1284 4994 1353 5064 quo
1377 4966 1465 5041 facile
1487 4966 1745 5065 ealculrtebnjele.

1459 5090 1554 5165 ΨΚ·
