<?xml version="1.0" encoding="UTF-8"?>
<!DOCTYPE html PUBLIC "-//W3C//DTD XHTML 1.0 Transitional//EN"
    "http://www.w3.org/TR/xhtml1/DTD/xhtml1-transitional.dtd">
<html xmlns="http://www.w3.org/1999/xhtml" xml:lang="en" lang="en">
 <head>
  <title>
</title>
<meta http-equiv="Content-Type" content="text/html;charset=utf-8" />
  <meta name='ocr-system' content='tesseract 3.04.00' />
  <meta name='ocr-capabilities' content='ocr_page ocr_carea ocr_par ocr_line ocrx_word'/>
</head>
<body>
  <div class='ocr_page' id='page_1' title='image "./operaomniamedic01thgoog_0199.png"; bbox 0 0 4434 6000; ppageno 0'>
   <div class='ocr_carea' id='block_1_1' title="bbox 535 588 1534 672">
    <p class='ocr_par' dir='ltr' id='par_1_1' title="bbox 535 588 1534 672">
     <span class='ocr_line' id='line_1_1' title="bbox 535 588 1534 672; baseline 0.001 -2"><span class='ocrx_word' id='word_1_1' title='bbox 535 595 606 670; x_wconf 88' lang='lat' dir='ltr'>DE</span> <span class='ocrx_word' id='word_1_2' title='bbox 633 589 1001 672; x_wconf 72' lang='lat' dir='ltr'>inritamus</span> <span class='ocrx_word' id='word_1_3' title='bbox 1025 588 1213 664; x_wconf 80' lang='lat' dir='ltr'><strong>LIBER.</strong></span> <span class='ocrx_word' id='word_1_4' title='bbox 1472 601 1534 672; x_wconf 77' lang='lat'>18¹</span> 
     </span>
    </p>
   </div>
   <div class='ocr_carea' id='block_1_2' title="bbox 201 711 1765 4850">
    <p class='ocr_par' dir='ltr' id='par_1_2' title="bbox 209 711 1592 816">
     <span class='ocr_line' id='line_1_2' title="bbox 209 711 1592 816; baseline 0.003 -31"><span class='ocrx_word' id='word_1_5' title='bbox 209 715 245 785; x_wconf 84' lang='lat' dir='ltr'>sit</span> <span class='ocrx_word' id='word_1_6' title='bbox 265 719 299 786; x_wconf 67' lang='grc' dir='ltr'>ἔτ</span> <span class='ocrx_word' id='word_1_7' title='bbox 321 711 429 812; x_wconf 88' lang='lat' dir='ltr'>spiritu</span> <span class='ocrx_word' id='word_1_8' title='bbox 453 737 601 816; x_wconf 84' lang='lat' dir='ltr'>turgeat,</span> <span class='ocrx_word' id='word_1_9' title='bbox 625 724 732 791; x_wconf 80' lang='lat' dir='ltr'>calore</span> <span class='ocrx_word' id='word_1_10' title='bbox 754 713 958 792; x_wconf 79' lang='lat' dir='ltr'>evanescente</span> <span class='ocrx_word' id='word_1_11' title='bbox 983 725 1017 790; x_wconf 77' lang='lat' dir='ltr'>dt</span> <span class='ocrx_word' id='word_1_12' title='bbox 1042 715 1153 813; x_wconf 90' lang='lat' dir='ltr'>spiritu</span> <span class='ocrx_word' id='word_1_13' title='bbox 1172 717 1339 815; x_wconf 83' lang='lat' dir='ltr'>refrigescit</span> <span class='ocrx_word' id='word_1_14' title='bbox 1365 726 1399 793; x_wconf 77' lang='grc' dir='ltr'>δι</span> <span class='ocrx_word' id='word_1_15' title='bbox 1418 725 1507 798; x_wconf 77' lang='lat' dir='ltr'>tac‘iu</span> <span class='ocrx_word' id='word_1_16' title='bbox 1534 725 1592 800; x_wconf 83' lang='lat' dir='ltr'>fri.</span> 
     </span>
    </p>

    <p class='ocr_par' dir='ltr' id='par_1_3' title="bbox 209 814 1588 921">
     <span class='ocr_line' id='line_1_3' title="bbox 209 814 1588 921; baseline 0.008 -42"><span class='ocrx_word' id='word_1_17' title='bbox 209 815 313 902; x_wconf 74' lang='lat' dir='ltr'>gitium</span> <span class='ocrx_word' id='word_1_18' title='bbox 337 823 543 914; x_wconf 83' lang='lat' dir='ltr'>percipitur.</span> <span class='ocrx_word' id='word_1_19' title='bbox 581 823 755 890; x_wconf 88' lang='lat' dir='ltr'>Maturitas</span> <span class='ocrx_word' id='word_1_20' title='bbox 780 822 801 887; x_wconf 86' lang='lat' dir='ltr'>st</span> <span class='ocrx_word' id='word_1_21' title='bbox 825 840 893 911; x_wconf 88' lang='lat' dir='ltr'>qua</span> <span class='ocrx_word' id='word_1_22' title='bbox 918 814 1119 892; x_wconf 81' lang='lat' dir='ltr'>adeli‚sacile</span> <span class='ocrx_word' id='word_1_23' title='bbox 1144 824 1321 890; x_wconf 72' lang='lat' dir='ltr'>mutarint</span> <span class='ocrx_word' id='word_1_24' title='bbox 1356 823 1415 893; x_wconf 93' lang='lat' dir='ltr'>loci</span> <span class='ocrx_word' id='word_1_25' title='bbox 1441 825 1588 921; x_wconf 87' lang='lat' dir='ltr'>deperdi.</span> 
     </span>
    </p>

    <p class='ocr_par' dir='ltr' id='par_1_4' title="bbox 212 917 1589 1017">
     <span class='ocr_line' id='line_1_4' title="bbox 212 917 1589 1017; baseline 0.004 -30"><span class='ocrx_word' id='word_1_26' title='bbox 212 929 289 987; x_wconf 88' lang='lat' dir='ltr'>tur,</span> <span class='ocrx_word' id='word_1_27' title='bbox 322 933 380 983; x_wconf 89' lang='lat' dir='ltr'>aut</span> <span class='ocrx_word' id='word_1_28' title='bbox 402 918 563 990; x_wconf 87' lang='lat' dir='ltr'>diminuta</span> <span class='ocrx_word' id='word_1_29' title='bbox 586 919 789 989; x_wconf 88' lang='lat' dir='ltr'>retunditur.</span> <span class='ocrx_word' id='word_1_30' title='bbox 827 925 933 984; x_wconf 80' lang='lat' dir='ltr'>imaro</span> <span class='ocrx_word' id='word_1_31' title='bbox 950 917 1042 1008; x_wconf 92' lang='lat' dir='ltr'>quod</span> <span class='ocrx_word' id='word_1_32' title='bbox 1066 921 1130 984; x_wconf 88' lang='lat' dir='ltr'>iarn</span> <span class='ocrx_word' id='word_1_33' title='bbox 1154 917 1328 988; x_wconf 71' lang='lat' dir='ltr'>corilionem</span> <span class='ocrx_word' id='word_1_34' title='bbox 1354 925 1386 990; x_wconf 91' lang='lat' dir='ltr'>in</span> <span class='ocrx_word' id='word_1_35' title='bbox 1421 943 1511 1017; x_wconf 88' lang='lat' dir='ltr'>parte</span> <span class='ocrx_word' id='word_1_36' title='bbox 1537 949 1589 995; x_wconf 84' lang='lat' dir='ltr'>rc·</span> 
     </span>
    </p>

    <p class='ocr_par' dir='ltr' id='par_1_5' title="bbox 208 1013 1586 1114">
     <span class='ocr_line' id='line_1_5' title="bbox 208 1013 1586 1114; baseline 0.011 -36"><span class='ocrx_word' id='word_1_37' title='bbox 208 1030 340 1106; x_wconf 78' lang='lat' dir='ltr'>ceperat,</span> <span class='ocrx_word' id='word_1_38' title='bbox 372 1019 410 1082; x_wconf 91' lang='lat' dir='ltr'>ln</span> <span class='ocrx_word' id='word_1_39' title='bbox 434 1015 537 1087; x_wconf 85' lang='lat' dir='ltr'>alium</span> <span class='ocrx_word' id='word_1_40' title='bbox 562 1014 721 1114; x_wconf 90' lang='lat' dir='ltr'>repulsum</span> <span class='ocrx_word' id='word_1_41' title='bbox 746 1019 852 1085; x_wconf 82' lang='lat' dir='ltr'>locum</span> <span class='ocrx_word' id='word_1_42' title='bbox 876 1019 996 1088; x_wconf 80' lang='lat' dir='ltr'>amittit</span> <span class='ocrx_word' id='word_1_43' title='bbox 1018 1037 1088 1082; x_wconf 91' lang='lat' dir='ltr'>cam</span> <span class='ocrx_word' id='word_1_44' title='bbox 1114 1037 1150 1082; x_wconf 90' lang='lat' dir='ltr'>ac</span> <span class='ocrx_word' id='word_1_45' title='bbox 1174 1013 1386 1087; x_wconf 83' lang='lat' dir='ltr'>recrudescit.</span> <span class='ocrx_word' id='word_1_46' title='bbox 1422 1022 1458 1087; x_wconf 88' lang='lat' dir='ltr'>ld</span> <span class='ocrx_word' id='word_1_47' title='bbox 1494 1026 1586 1114; x_wconf 84' lang='lat' dir='ltr'>quod</span> 
     </span>
    </p>

    <p class='ocr_par' dir='ltr' id='par_1_6' title="bbox 204 1107 1590 1210">
     <span class='ocr_line' id='line_1_6' title="bbox 204 1107 1590 1210; baseline 0.009 -32"><span class='ocrx_word' id='word_1_48' title='bbox 204 1110 234 1178; x_wconf 89' lang='lat' dir='ltr'>in</span> <span class='ocrx_word' id='word_1_49' title='bbox 261 1107 445 1183; x_wconf 78' lang='lat' dir='ltr'>ardentibus</span> <span class='ocrx_word' id='word_1_50' title='bbox 466 1111 612 1186; x_wconf 77' lang='lat' dir='ltr'>febribus</span> <span class='ocrx_word' id='word_1_51' title='bbox 634 1113 786 1188; x_wconf 74' lang='lat' dir='ltr'>abscessus</span> <span class='ocrx_word' id='word_1_52' title='bbox 818 1112 1002 1182; x_wconf 80' lang='lat' dir='ltr'>testantur.</span> <span class='ocrx_word' id='word_1_53' title='bbox 1036 1116 1082 1180; x_wconf 90' lang='lat' dir='ltr'>Hi</span> <span class='ocrx_word' id='word_1_54' title='bbox 1117 1116 1200 1180; x_wconf 86' lang='lat' dir='ltr'>enim</span> <span class='ocrx_word' id='word_1_55' title='bbox 1227 1121 1346 1185; x_wconf 82' lang='lat' dir='ltr'>nonnisi</span> <span class='ocrx_word' id='word_1_56' title='bbox 1379 1119 1477 1210; x_wconf 91' lang='lat' dir='ltr'>longo</span> <span class='ocrx_word' id='word_1_57' title='bbox 1502 1140 1590 1190; x_wconf 90' lang='lat' dir='ltr'>tem·</span> 
     </span>
    </p>

    <p class='ocr_par' dir='ltr' id='par_1_7' title="bbox 209 1205 1588 1310">
     <span class='ocr_line' id='line_1_7' title="bbox 209 1205 1588 1310; baseline 0.007 -34"><span class='ocrx_word' id='word_1_58' title='bbox 209 1229 276 1300; x_wconf 83' lang='lat' dir='ltr'>pore</span> <span class='ocrx_word' id='word_1_59' title='bbox 299 1231 507 1284; x_wconf 80' lang='lat' dir='ltr'>maturantur</span> <span class='ocrx_word' id='word_1_60' title='bbox 537 1217 607 1284; x_wconf 90' lang='lat' dir='ltr'>licet</span> <span class='ocrx_word' id='word_1_61' title='bbox 631 1217 750 1285; x_wconf 89' lang='lat' dir='ltr'>humor</span> <span class='ocrx_word' id='word_1_62' title='bbox 773 1215 895 1303; x_wconf 76' lang='lat' dir='ltr'>origine</span> <span class='ocrx_word' id='word_1_63' title='bbox 919 1209 956 1278; x_wconf 85' lang='lat' dir='ltr'>lit</span> <span class='ocrx_word' id='word_1_64' title='bbox 974 1211 1093 1279; x_wconf 90' lang='lat' dir='ltr'>calidus</span> <span class='ocrx_word' id='word_1_65' title='bbox 1126 1219 1160 1279; x_wconf 76' lang='grc' dir='ltr'>δι</span> <span class='ocrx_word' id='word_1_66' title='bbox 1187 1205 1342 1282; x_wconf 81' lang='lat' dir='ltr'>biliosus.</span> <span class='ocrx_word' id='word_1_67' title='bbox 1380 1217 1415 1282; x_wconf 78' lang='lat' dir='ltr'>iel</span> <span class='ocrx_word' id='word_1_68' title='bbox 1441 1219 1531 1310; x_wconf 89' lang='lat' dir='ltr'>quod</span> <span class='ocrx_word' id='word_1_69' title='bbox 1551 1225 1588 1290; x_wconf 74' lang='lat' dir='ltr'>dt</span> 
     </span>
    </p>

    <p class='ocr_par' dir='ltr' id='par_1_8' title="bbox 211 1307 1735 1428">
     <span class='ocr_line' id='line_1_8' title="bbox 211 1307 1735 1428; baseline 0.007 -52"><span class='ocrx_word' id='word_1_70' title='bbox 211 1307 240 1371; x_wconf 87' lang='lat' dir='ltr'>in</span> <span class='ocrx_word' id='word_1_71' title='bbox 269 1311 408 1380; x_wconf 87' lang='lat' dir='ltr'>articulis</span> <span class='ocrx_word' id='word_1_72' title='bbox 432 1317 559 1384; x_wconf 78' lang='lat' dir='ltr'>evenit.</span> <span class='ocrx_word' id='word_1_73' title='bbox 593 1315 642 1383; x_wconf 86' lang='lat' dir='ltr'>Sic</span> <span class='ocrx_word' id='word_1_74' title='bbox 667 1314 877 1411; x_wconf 82' lang='lat' dir='ltr'>Hippocrates</span> <span class='ocrx_word' id='word_1_75' title='bbox 908 1330 982 1401; x_wconf 81' lang='lat' dir='ltr'>qua</span> <span class='ocrx_word' id='word_1_76' title='bbox 1005 1312 1086 1378; x_wconf 88' lang='lat' dir='ltr'>eirca</span> <span class='ocrx_word' id='word_1_77' title='bbox 1111 1309 1234 1402; x_wconf 80' lang='lat' dir='ltr'>linguas</span> <span class='ocrx_word' id='word_1_78' title='bbox 1263 1312 1427 1383; x_wconf 81' lang='lat' dir='ltr'>elevantur</span> <span class='ocrx_word' id='word_1_79' title='bbox 1457 1337 1589 1386; x_wconf 89' lang='lat' dir='ltr'>concre·</span> <span class='ocrx_word' id='word_1_80' title='bbox 1602 1369 1658 1426; x_wconf 56' lang='grc' dir='ltr'>Μ</span> <span class='ocrx_word' id='word_1_81' title='bbox 1697 1367 1735 1428; x_wconf 61' lang='lat' dir='ltr'><strong><em>m</em></strong></span> 
     </span>
    </p>

    <p class='ocr_par' dir='ltr' id='par_1_9' title="bbox 212 1385 1743 1526">
     <span class='ocr_line' id='line_1_9' title="bbox 212 1385 1743 1526; baseline 0.008 -56"><span class='ocrx_word' id='word_1_82' title='bbox 212 1410 302 1474; x_wconf 88' lang='lat' dir='ltr'>tiones</span> <span class='ocrx_word' id='word_1_83' title='bbox 325 1412 360 1473; x_wconf 77' lang='grc' dir='ltr'>δι</span> <span class='ocrx_word' id='word_1_84' title='bbox 397 1410 530 1480; x_wconf 84' lang='lat' dir='ltr'>humiles</span> <span class='ocrx_word' id='word_1_85' title='bbox 552 1411 661 1480; x_wconf 89' lang='lat' dir='ltr'>calculi</span> <span class='ocrx_word' id='word_1_86' title='bbox 682 1457 693 1487; x_wconf 93' lang='lat'>,</span> <span class='ocrx_word' id='word_1_87' title='bbox 713 1419 747 1481; x_wconf 79' lang='lat' dir='ltr'>dc</span> <span class='ocrx_word' id='word_1_88' title='bbox 770 1433 846 1504; x_wconf 79' lang='lat' dir='ltr'>qua</span> <span class='ocrx_word' id='word_1_89' title='bbox 864 1408 1036 1503; x_wconf 79' lang='lat' dir='ltr'>podagricis</span> <span class='ocrx_word' id='word_1_90' title='bbox 1058 1412 1139 1476; x_wconf 89' lang='lat' dir='ltr'>circa</span> <span class='ocrx_word' id='word_1_91' title='bbox 1165 1403 1284 1476; x_wconf 85' lang='lat' dir='ltr'>debiles</span> <span class='ocrx_word' id='word_1_92' title='bbox 1306 1431 1418 1478; x_wconf 90' lang='lat' dir='ltr'>eorum</span> <span class='ocrx_word' id='word_1_93' title='bbox 1440 1414 1589 1488; x_wconf 84' lang='lat' dir='ltr'>articulos</span> <span class='ocrx_word' id='word_1_94' title='bbox 1607 1385 1704 1526; x_wconf 36' lang='grc' dir='ltr'>,ᾖδ’</span> <span class='ocrx_word' id='word_1_95' title='bbox 1735 1411 1743 1429; x_wconf 83' lang='grc'>’</span> 
     </span>
    </p>

    <p class='ocr_par' dir='ltr' id='par_1_10' title="bbox 212 1499 1585 1586">
     <span class='ocr_line' id='line_1_10' title="bbox 212 1499 1585 1586; baseline 0.015 -20"><span class='ocrx_word' id='word_1_96' title='bbox 212 1499 303 1572; x_wconf 83' lang='lat' dir='ltr'>liniis.</span> <span class='ocrx_word' id='word_1_97' title='bbox 331 1504 421 1576; x_wconf 88' lang='lat' dir='ltr'>Nam</span> <span class='ocrx_word' id='word_1_98' title='bbox 445 1508 559 1579; x_wconf 86' lang='lat' dir='ltr'>ollium</span> <span class='ocrx_word' id='word_1_99' title='bbox 595 1529 709 1580; x_wconf 85' lang='lat' dir='ltr'>natura</span> <span class='ocrx_word' id='word_1_100' title='bbox 732 1506 883 1579; x_wconf 85' lang='lat' dir='ltr'>causaest</span> <span class='ocrx_word' id='word_1_101' title='bbox 903 1506 1033 1576; x_wconf 75' lang='lat' dir='ltr'>uthaec</span> <span class='ocrx_word' id='word_1_102' title='bbox 1061 1507 1255 1574; x_wconf 86' lang='lat' dir='ltr'>indurentur</span> <span class='ocrx_word' id='word_1_103' title='bbox 1280 1512 1313 1576; x_wconf 91' lang='lat'>&amp;</span> <span class='ocrx_word' id='word_1_104' title='bbox 1345 1507 1585 1586; x_wconf 80' lang='lat' dir='ltr'>distendantur.</span> 
     </span>
    </p>

    <p class='ocr_par' dir='ltr' id='par_1_11' title="bbox 210 1599 1719 1740">
     <span class='ocr_line' id='line_1_11' title="bbox 210 1599 1719 1740; baseline 0.003 -68"><span class='ocrx_word' id='word_1_105' title='bbox 210 1599 246 1666; x_wconf 79' lang='lat' dir='ltr'>bt</span> <span class='ocrx_word' id='word_1_106' title='bbox 268 1608 422 1695; x_wconf 89' lang='lat' dir='ltr'>quoniam</span> <span class='ocrx_word' id='word_1_107' title='bbox 449 1608 498 1677; x_wconf 77' lang='lat' dir='ltr'>ha</span> <span class='ocrx_word' id='word_1_108' title='bbox 519 1607 785 1677; x_wconf 81' lang='lat' dir='ltr'>inflammationes</span> <span class='ocrx_word' id='word_1_109' title='bbox 808 1631 873 1675; x_wconf 90' lang='lat' dir='ltr'>non</span> <span class='ocrx_word' id='word_1_110' title='bbox 891 1599 964 1673; x_wconf 86' lang='lat' dir='ltr'>sunt</span> <span class='ocrx_word' id='word_1_111' title='bbox 979 1601 1218 1700; x_wconf 87' lang='lat' dir='ltr'>supputabilcs,</span> <span class='ocrx_word' id='word_1_112' title='bbox 1242 1605 1380 1676; x_wconf 84' lang='lat' dir='ltr'>Fernelio</span> <span class='ocrx_word' id='word_1_113' title='bbox 1405 1604 1599 1704; x_wconf 83' lang='lat' dir='ltr'>imposuere.</span> <span class='ocrx_word' id='word_1_114' title='bbox 1640 1679 1661 1740; x_wconf 53' lang='lat' dir='ltr'><em>d</em></span> <span class='ocrx_word' id='word_1_115' title='bbox 1700 1680 1719 1740; x_wconf 62' lang='lat' dir='ltr'><em>h</em></span> 
     </span>
    </p>

    <p class='ocr_par' dir='ltr' id='par_1_12' title="bbox 209 1688 1756 1822">
     <span class='ocr_line' id='line_1_12' title="bbox 209 1688 1756 1822; baseline 0.008 -54"><span class='ocrx_word' id='word_1_116' title='bbox 209 1702 249 1768; x_wconf 78' lang='lat' dir='ltr'>dt</span> <span class='ocrx_word' id='word_1_117' title='bbox 272 1703 415 1773; x_wconf 83' lang='lat' dir='ltr'>Galenus</span> <span class='ocrx_word' id='word_1_118' title='bbox 448 1729 512 1776; x_wconf 86' lang='lat' dir='ltr'>rem</span> <span class='ocrx_word' id='word_1_119' title='bbox 536 1711 669 1775; x_wconf 87' lang='lat' dir='ltr'>omnino</span> <span class='ocrx_word' id='word_1_120' title='bbox 691 1709 845 1799; x_wconf 86' lang='lat' dir='ltr'>aperuit,</span> <span class='ocrx_word' id='word_1_121' title='bbox 879 1701 1091 1772; x_wconf 83' lang='lat' dir='ltr'>inflammatio</span> <span class='ocrx_word' id='word_1_122' title='bbox 1114 1705 1253 1800; x_wconf 87' lang='lat' dir='ltr'>partium</span> <span class='ocrx_word' id='word_1_123' title='bbox 1278 1700 1478 1775; x_wconf 81' lang='lat' dir='ltr'>ramosarum</span> <span class='ocrx_word' id='word_1_124' title='bbox 1503 1688 1640 1783; x_wconf 57' lang='lat' dir='ltr'>acuens</span> <span class='ocrx_word' id='word_1_125' title='bbox 1656 1697 1702 1822; x_wconf 48' lang='grc' dir='ltr'><em>ἦ</em></span> <span class='ocrx_word' id='word_1_126' title='bbox 1711 1703 1756 1818; x_wconf 58' lang='lat' dir='ltr'>Z·</span> 
     </span>
    </p>

    <p class='ocr_par' dir='ltr' id='par_1_13' title="bbox 209 1781 1710 1899">
     <span class='ocr_line' id='line_1_13' title="bbox 209 1781 1710 1899; baseline 0.009 -36"><span class='ocrx_word' id='word_1_127' title='bbox 209 1794 325 1868; x_wconf 82' lang='lat' dir='ltr'>morbis</span> <span class='ocrx_word' id='word_1_128' title='bbox 347 1821 605 1875; x_wconf 87' lang='lat' dir='ltr'>annumeratur.</span> <span class='ocrx_word' id='word_1_129' title='bbox 630 1809 760 1889; x_wconf 74' lang='lat' dir='ltr'>&lt;immo</span> <span class='ocrx_word' id='word_1_130' title='bbox 784 1805 993 1899; x_wconf 86' lang='lat' dir='ltr'>Hippocrates</span> <span class='ocrx_word' id='word_1_131' title='bbox 1016 1800 1124 1872; x_wconf 82' lang='lat' dir='ltr'>statuit</span> <span class='ocrx_word' id='word_1_132' title='bbox 1134 1808 1303 1890; x_wconf 80' lang='lat' dir='ltr'>terminum</span> <span class='ocrx_word' id='word_1_133' title='bbox 1316 1805 1438 1872; x_wconf 89' lang='lat' dir='ltr'>dicrum</span> <span class='ocrx_word' id='word_1_134' title='bbox 1465 1809 1606 1898; x_wconf 81' lang='lat' dir='ltr'>quadra·</span> <span class='ocrx_word' id='word_1_135' title='bbox 1617 1781 1654 1838; x_wconf 76' lang='lat'>⁵⁹</span> <span class='ocrx_word' id='word_1_136' title='bbox 1702 1807 1710 1828; x_wconf 88' lang='lat'>&#39;</span> 
     </span>
    </p>

    <p class='ocr_par' dir='ltr' id='par_1_14' title="bbox 206 1890 1597 1996">
     <span class='ocr_line' id='line_1_14' title="bbox 206 1890 1597 1996; baseline 0.006 -35"><span class='ocrx_word' id='word_1_137' title='bbox 206 1899 291 1986; x_wconf 87' lang='lat' dir='ltr'>ginta</span> <span class='ocrx_word' id='word_1_138' title='bbox 314 1918 354 1969; x_wconf 88' lang='lat' dir='ltr'>ut</span> <span class='ocrx_word' id='word_1_139' title='bbox 377 1890 584 1974; x_wconf 89' lang='lat' dir='ltr'>articulorum</span> <span class='ocrx_word' id='word_1_140' title='bbox 608 1904 733 1971; x_wconf 86' lang='lat' dir='ltr'>dolores</span> <span class='ocrx_word' id='word_1_141' title='bbox 755 1903 885 1977; x_wconf 80' lang='lat' dir='ltr'>cessent,</span> <span class='ocrx_word' id='word_1_142' title='bbox 910 1919 967 1969; x_wconf 87' lang='lat' dir='ltr'>aut</span> <span class='ocrx_word' id='word_1_143' title='bbox 992 1909 1125 1968; x_wconf 84' lang='lat' dir='ltr'>omnino</span> <span class='ocrx_word' id='word_1_144' title='bbox 1150 1896 1179 1968; x_wconf 89' lang='lat' dir='ltr'>sc</span> <span class='ocrx_word' id='word_1_145' title='bbox 1204 1905 1350 1969; x_wconf 89' lang='lat' dir='ltr'>minuant</span> <span class='ocrx_word' id='word_1_146' title='bbox 1385 1921 1423 1972; x_wconf 89' lang='lat' dir='ltr'>ut</span> <span class='ocrx_word' id='word_1_147' title='bbox 1448 1903 1597 1996; x_wconf 67' lang='lat' dir='ltr'>loquitur</span> 
     </span>
    </p>

    <p class='ocr_par' dir='ltr' id='par_1_15' title="bbox 207 1993 1600 2095">
     <span class='ocr_line' id='line_1_15' title="bbox 207 1993 1600 2095; baseline 0.01 -35"><span class='ocrx_word' id='word_1_148' title='bbox 207 1993 341 2065; x_wconf 85' lang='lat' dir='ltr'>Plinius.</span> <span class='ocrx_word' id='word_1_149' title='bbox 375 1999 466 2084; x_wconf 82' lang='lat' dir='ltr'>)Est</span> <span class='ocrx_word' id='word_1_150' title='bbox 489 2005 571 2070; x_wconf 87' lang='lat' dir='ltr'>enirn</span> <span class='ocrx_word' id='word_1_151' title='bbox 596 2003 724 2070; x_wconf 86' lang='lat' dir='ltr'>mollior</span> <span class='ocrx_word' id='word_1_152' title='bbox 745 2002 941 2095; x_wconf 82' lang='lat' dir='ltr'>ligamentis,</span> <span class='ocrx_word' id='word_1_153' title='bbox 973 2005 1108 2067; x_wconf 85' lang='lat' dir='ltr'>&amp;nervi</span> <span class='ocrx_word' id='word_1_154' title='bbox 1134 2003 1168 2066; x_wconf 89' lang='lat'>&amp;</span> <span class='ocrx_word' id='word_1_155' title='bbox 1193 1998 1317 2066; x_wconf 77' lang='lat' dir='ltr'>chorda</span> <span class='ocrx_word' id='word_1_156' title='bbox 1341 2001 1600 2074; x_wconf 85' lang='lat' dir='ltr'>tardiusinliam-</span> 
     </span>
    </p>

    <p class='ocr_par' dir='ltr' id='par_1_16' title="bbox 206 2093 1606 2187">
     <span class='ocr_line' id='line_1_16' title="bbox 206 2093 1606 2187; baseline 0.001 -27"><span class='ocrx_word' id='word_1_157' title='bbox 206 2098 539 2178; x_wconf 78' lang='lat' dir='ltr'>manturvulneratae,</span> <span class='ocrx_word' id='word_1_158' title='bbox 562 2103 684 2170; x_wconf 80' lang='lat' dir='ltr'>tardius</span> <span class='ocrx_word' id='word_1_159' title='bbox 713 2101 883 2169; x_wconf 76' lang='lat' dir='ltr'>consiliunt</span> <span class='ocrx_word' id='word_1_160' title='bbox 907 2103 944 2165; x_wconf 73' lang='grc' dir='ltr'>δι</span> <span class='ocrx_word' id='word_1_161' title='bbox 967 2093 1145 2164; x_wconf 82' lang='lat' dir='ltr'>sanantur.</span> <span class='ocrx_word' id='word_1_162' title='bbox 1172 2096 1235 2162; x_wconf 83' lang='lat' dir='ltr'>Vir</span> <span class='ocrx_word' id='word_1_163' title='bbox 1259 2095 1381 2187; x_wconf 83' lang='lat' dir='ltr'>aliquid</span> <span class='ocrx_word' id='word_1_164' title='bbox 1414 2105 1533 2168; x_wconf 91' lang='lat' dir='ltr'>externi</span> <span class='ocrx_word' id='word_1_165' title='bbox 1558 2125 1606 2172; x_wconf 77' lang='lat' dir='ltr'>re.</span> 
     </span>
    </p>

    <p class='ocr_par' dir='ltr' id='par_1_17' title="bbox 208 2185 1597 2292">
     <span class='ocr_line' id='line_1_17' title="bbox 208 2185 1597 2292; baseline 0.004 -35"><span class='ocrx_word' id='word_1_166' title='bbox 208 2194 329 2285; x_wconf 74' lang='lat' dir='ltr'>cipiunt</span> <span class='ocrx_word' id='word_1_167' title='bbox 350 2199 428 2288; x_wconf 87' lang='lat' dir='ltr'>quia</span> <span class='ocrx_word' id='word_1_168' title='bbox 450 2200 541 2268; x_wconf 77' lang='lat' dir='ltr'>durae</span> <span class='ocrx_word' id='word_1_169' title='bbox 573 2196 674 2275; x_wconf 90' lang='lat' dir='ltr'>sunt,</span> <span class='ocrx_word' id='word_1_170' title='bbox 700 2201 740 2265; x_wconf 83' lang='lat' dir='ltr'>Et</span> <span class='ocrx_word' id='word_1_171' title='bbox 763 2221 870 2290; x_wconf 83' lang='lat' dir='ltr'>quum</span> <span class='ocrx_word' id='word_1_172' title='bbox 903 2198 936 2262; x_wconf 90' lang='lat' dir='ltr'>in</span> <span class='ocrx_word' id='word_1_173' title='bbox 968 2185 1242 2263; x_wconf 89' lang='lat' dir='ltr'>articulationibus</span> <span class='ocrx_word' id='word_1_174' title='bbox 1276 2192 1423 2261; x_wconf 89' lang='lat' dir='ltr'>humores</span> <span class='ocrx_word' id='word_1_175' title='bbox 1457 2198 1518 2263; x_wconf 82' lang='lat' dir='ltr'>fine</span> <span class='ocrx_word' id='word_1_176' title='bbox 1541 2223 1597 2292; x_wconf 82' lang='lat' dir='ltr'>pet</span> 
     </span>
    </p>

    <p class='ocr_par' dir='ltr' id='par_1_18' title="bbox 205 2281 1597 2388">
     <span class='ocr_line' id='line_1_18' title="bbox 205 2281 1597 2388; baseline -0.001 -31"><span class='ocrx_word' id='word_1_177' title='bbox 205 2287 369 2378; x_wconf 76' lang='lat' dir='ltr'>ligamenta</span> <span class='ocrx_word' id='word_1_178' title='bbox 400 2317 451 2364; x_wconf 86' lang='lat' dir='ltr'>eas</span> <span class='ocrx_word' id='word_1_179' title='bbox 483 2298 668 2388; x_wconf 78' lang='lat' dir='ltr'>complexa,</span> <span class='ocrx_word' id='word_1_180' title='bbox 686 2315 859 2364; x_wconf 88' lang='lat' dir='ltr'>evacuatur</span> <span class='ocrx_word' id='word_1_181' title='bbox 889 2287 921 2350; x_wconf 66' lang='grc' dir='ltr'><em>δ</em></span> <span class='ocrx_word' id='word_1_182' title='bbox 933 2281 1092 2359; x_wconf 55' lang='lat' dir='ltr'>irrisit.</span> <span class='ocrx_word' id='word_1_183' title='bbox 1131 2293 1214 2381; x_wconf 72' lang='lat' dir='ltr'>Quis</span> <span class='ocrx_word' id='word_1_184' title='bbox 1247 2309 1353 2358; x_wconf 86' lang='lat' dir='ltr'>tamen</span> <span class='ocrx_word' id='word_1_185' title='bbox 1392 2313 1500 2361; x_wconf 88' lang='lat' dir='ltr'>contra</span> <span class='ocrx_word' id='word_1_186' title='bbox 1535 2292 1597 2363; x_wconf 89' lang='lat' dir='ltr'>ob.</span> 
     </span>
    </p>

    <p class='ocr_par' dir='ltr' id='par_1_19' title="bbox 204 2385 1593 2483">
     <span class='ocr_line' id='line_1_19' title="bbox 204 2385 1593 2483; baseline 0.006 -29"><span class='ocrx_word' id='word_1_187' title='bbox 204 2389 305 2470; x_wconf 71' lang='lat' dir='ltr'>iciat,</span> <span class='ocrx_word' id='word_1_188' title='bbox 330 2389 421 2460; x_wconf 81' lang='lat' dir='ltr'>facile</span> <span class='ocrx_word' id='word_1_189' title='bbox 438 2392 497 2460; x_wconf 79' lang='lat' dir='ltr'>liic</span> <span class='ocrx_word' id='word_1_190' title='bbox 521 2411 579 2462; x_wconf 90' lang='lat' dir='ltr'>aut</span> <span class='ocrx_word' id='word_1_191' title='bbox 602 2394 653 2462; x_wconf 85' lang='lat' dir='ltr'>illc</span> <span class='ocrx_word' id='word_1_192' title='bbox 677 2413 794 2462; x_wconf 75' lang='lat' dir='ltr'>nertin</span> <span class='ocrx_word' id='word_1_193' title='bbox 817 2399 853 2459; x_wconf 90' lang='lat' dir='ltr'>in</span> <span class='ocrx_word' id='word_1_194' title='bbox 879 2389 1054 2460; x_wconf 79' lang='lat' dir='ltr'>Arthriticie</span> <span class='ocrx_word' id='word_1_195' title='bbox 1076 2385 1241 2464; x_wconf 77' lang='lat' dir='ltr'>afficitur,</span> <span class='ocrx_word' id='word_1_196' title='bbox 1265 2391 1357 2483; x_wconf 85' lang='lat' dir='ltr'>quod</span> <span class='ocrx_word' id='word_1_197' title='bbox 1392 2413 1456 2458; x_wconf 91' lang='lat' dir='ltr'>non</span> <span class='ocrx_word' id='word_1_198' title='bbox 1489 2399 1593 2464; x_wconf 86' lang='lat' dir='ltr'>eveni-</span> 
     </span>
    </p>

    <p class='ocr_par' dir='ltr' id='par_1_20' title="bbox 204 2483 1591 2587">
     <span class='ocr_line' id='line_1_20' title="bbox 204 2483 1591 2587; baseline 0.006 -34"><span class='ocrx_word' id='word_1_199' title='bbox 204 2505 246 2552; x_wconf 81' lang='lat' dir='ltr'>ret</span> <span class='ocrx_word' id='word_1_200' title='bbox 270 2489 292 2554; x_wconf 84' lang='lat' dir='ltr'>li</span> <span class='ocrx_word' id='word_1_201' title='bbox 317 2507 386 2556; x_wconf 85' lang='lat' dir='ltr'>tarn</span> <span class='ocrx_word' id='word_1_202' title='bbox 407 2508 491 2582; x_wconf 59' lang='lat' dir='ltr'>&gt;aegre</span> <span class='ocrx_word' id='word_1_203' title='bbox 510 2513 645 2587; x_wconf 85' lang='lat' dir='ltr'>corpora</span> <span class='ocrx_word' id='word_1_204' title='bbox 678 2493 805 2561; x_wconf 80' lang='lat' dir='ltr'>nervosa</span> <span class='ocrx_word' id='word_1_205' title='bbox 838 2491 1006 2558; x_wconf 82' lang='lat' dir='ltr'>humorem</span> <span class='ocrx_word' id='word_1_206' title='bbox 1040 2487 1278 2556; x_wconf 81' lang='lat' dir='ltr'>admitterent.</span> <span class='ocrx_word' id='word_1_207' title='bbox 1306 2491 1347 2556; x_wconf 79' lang='lat' dir='ltr'>Et</span> <span class='ocrx_word' id='word_1_208' title='bbox 1381 2490 1412 2555; x_wconf 88' lang='lat' dir='ltr'>in</span> <span class='ocrx_word' id='word_1_209' title='bbox 1446 2483 1591 2562; x_wconf 85' lang='lat' dir='ltr'>sebrlbus</span> 
     </span>
    </p>

    <p class='ocr_par' dir='ltr' id='par_1_21' title="bbox 204 2583 1593 2684">
     <span class='ocr_line' id='line_1_21' title="bbox 204 2583 1593 2684; baseline 0.001 -36"><span class='ocrx_word' id='word_1_210' title='bbox 204 2599 350 2655; x_wconf 84' lang='lat' dir='ltr'>tremores</span> <span class='ocrx_word' id='word_1_211' title='bbox 384 2593 419 2656; x_wconf 90' lang='lat'>&amp;</span> <span class='ocrx_word' id='word_1_212' title='bbox 450 2591 668 2661; x_wconf 86' lang='lat' dir='ltr'>convulsiones</span> <span class='ocrx_word' id='word_1_213' title='bbox 699 2595 894 2681; x_wconf 85' lang='lat' dir='ltr'>contingunt</span> <span class='ocrx_word' id='word_1_214' title='bbox 917 2589 1049 2655; x_wconf 87' lang='lat' dir='ltr'>minimo</span> <span class='ocrx_word' id='word_1_215' title='bbox 1080 2586 1224 2655; x_wconf 82' lang='lat' dir='ltr'>humoris</span> <span class='ocrx_word' id='word_1_216' title='bbox 1261 2583 1443 2656; x_wconf 85' lang='lat' dir='ltr'>lancinanris</span> <span class='ocrx_word' id='word_1_217' title='bbox 1474 2593 1593 2684; x_wconf 83' lang='lat' dir='ltr'>appui.</span> 
     </span>
    </p>

    <p class='ocr_par' dir='ltr' id='par_1_22' title="bbox 203 2673 1709 2782">
     <span class='ocr_line' id='line_1_22' title="bbox 203 2673 1709 2782; baseline 0.007 -34"><span class='ocrx_word' id='word_1_218' title='bbox 203 2673 262 2748; x_wconf 89' lang='lat' dir='ltr'>su.</span> <span class='ocrx_word' id='word_1_219' title='bbox 291 2683 325 2754; x_wconf 84' lang='lat' dir='ltr'>Si</span> <span class='ocrx_word' id='word_1_220' title='bbox 361 2707 532 2757; x_wconf 73' lang='lat' dir='ltr'>trecentum</span> <span class='ocrx_word' id='word_1_221' title='bbox 564 2712 601 2758; x_wconf 90' lang='lat' dir='ltr'>ea</span> <span class='ocrx_word' id='word_1_222' title='bbox 632 2690 761 2758; x_wconf 77' lang='lat' dir='ltr'>duriies</span> <span class='ocrx_word' id='word_1_223' title='bbox 784 2735 794 2765; x_wconf 88' lang='lat'><strong>,</strong></span> <span class='ocrx_word' id='word_1_224' title='bbox 818 2709 877 2756; x_wconf 86' lang='lat' dir='ltr'>cur</span> <span class='ocrx_word' id='word_1_225' title='bbox 912 2703 1001 2756; x_wconf 86' lang='lat' dir='ltr'>tanta</span> <span class='ocrx_word' id='word_1_226' title='bbox 1033 2683 1076 2754; x_wconf 85' lang='lat' dir='ltr'>ad</span> <span class='ocrx_word' id='word_1_227' title='bbox 1113 2683 1301 2779; x_wconf 84' lang='lat' dir='ltr'>patiendum</span> <span class='ocrx_word' id='word_1_228' title='bbox 1336 2687 1485 2782; x_wconf 83' lang='lat' dir='ltr'>aptitudo</span> <span class='ocrx_word' id='word_1_229' title='bbox 1523 2689 1590 2759; x_wconf 79' lang='lat' dir='ltr'>iEt</span> <span class='ocrx_word' id='word_1_230' title='bbox 1706 2771 1709 2778; x_wconf 86' lang='lat'><strong>.</strong></span> 
     </span>
    </p>

    <p class='ocr_par' dir='ltr' id='par_1_23' title="bbox 201 2772 1760 2912">
     <span class='ocr_line' id='line_1_23' title="bbox 201 2772 1760 2912; baseline 0.003 -63"><span class='ocrx_word' id='word_1_231' title='bbox 201 2799 302 2870; x_wconf 79' lang='lat' dir='ltr'>quum</span> <span class='ocrx_word' id='word_1_232' title='bbox 335 2783 475 2852; x_wconf 83' lang='lat' dir='ltr'>Galenus</span> <span class='ocrx_word' id='word_1_233' title='bbox 506 2785 626 2857; x_wconf 84' lang='lat' dir='ltr'>oonscrt</span> <span class='ocrx_word' id='word_1_234' title='bbox 659 2787 842 2883; x_wconf 79' lang='lat' dir='ltr'>pulmonem</span> <span class='ocrx_word' id='word_1_235' title='bbox 879 2805 952 2854; x_wconf 85' lang='lat' dir='ltr'>cum</span> <span class='ocrx_word' id='word_1_236' title='bbox 979 2776 1169 2852; x_wconf 85' lang='lat' dir='ltr'>membranis</span> <span class='ocrx_word' id='word_1_237' title='bbox 1201 2781 1358 2854; x_wconf 81' lang='lat' dir='ltr'>eoliaruna</span> <span class='ocrx_word' id='word_1_238' title='bbox 1372 2832 1383 2864; x_wconf 92' lang='lat'>‚</span> <span class='ocrx_word' id='word_1_239' title='bbox 1405 2787 1467 2864; x_wconf 85' lang='lat' dir='ltr'>ait,</span> <span class='ocrx_word' id='word_1_240' title='bbox 1493 2772 1652 2854; x_wconf 65' lang='lat' dir='ltr'>ratio-¹d</span> <span class='ocrx_word' id='word_1_241' title='bbox 1671 2773 1760 2912; x_wconf 45' lang='lat' dir='ltr'>illm·</span> 
     </span>
    </p>

    <p class='ocr_par' dir='ltr' id='par_1_24' title="bbox 203 2865 1764 2979">
     <span class='ocr_line' id='line_1_24' title="bbox 203 2865 1764 2979; baseline 0.006 -36"><span class='ocrx_word' id='word_1_242' title='bbox 203 2900 237 2946; x_wconf 90' lang='lat' dir='ltr'>ne</span> <span class='ocrx_word' id='word_1_243' title='bbox 273 2874 335 2947; x_wconf 81' lang='lat' dir='ltr'>suae</span> <span class='ocrx_word' id='word_1_244' title='bbox 367 2882 509 2950; x_wconf 87' lang='lat' dir='ltr'>mollitiei</span> <span class='ocrx_word' id='word_1_245' title='bbox 565 2888 724 2957; x_wconf 81' lang='lat' dir='ltr'>aimonem</span> <span class='ocrx_word' id='word_1_246' title='bbox 758 2888 905 2979; x_wconf 83' lang='lat' dir='ltr'>quemvis</span> <span class='ocrx_word' id='word_1_247' title='bbox 937 2883 1105 2952; x_wconf 86' lang='lat' dir='ltr'>humorem</span> <span class='ocrx_word' id='word_1_248' title='bbox 1152 2881 1317 2950; x_wconf 85' lang='lat' dir='ltr'>admittere</span> <span class='ocrx_word' id='word_1_249' title='bbox 1346 2929 1356 2960; x_wconf 91' lang='lat'><strong><em>,</em></strong></span> <span class='ocrx_word' id='word_1_250' title='bbox 1388 2907 1456 2949; x_wconf 90' lang='lat' dir='ltr'>non</span> <span class='ocrx_word' id='word_1_251' title='bbox 1491 2905 1590 2952; x_wconf 84' lang='lat' dir='ltr'>mem·</span> <span class='ocrx_word' id='word_1_252' title='bbox 1607 2876 1653 2932; x_wconf 78' lang='lat'>33·</span> <span class='ocrx_word' id='word_1_253' title='bbox 1712 2865 1764 2920; x_wconf 33' lang='grc' dir='ltr'>’ἃ</span> 
     </span>
    </p>

    <p class='ocr_par' dir='ltr' id='par_1_25' title="bbox 203 2910 1590 3074">
     <span class='ocr_line' id='line_1_25' title="bbox 203 2910 1590 3074; baseline 0.005 -31"><span class='ocrx_word' id='word_1_254' title='bbox 203 2967 345 3047; x_wconf 77' lang='lat' dir='ltr'>brasias·</span> <span class='ocrx_word' id='word_1_255' title='bbox 367 2980 426 3050; x_wconf 83' lang='lat' dir='ltr'>Sed</span> <span class='ocrx_word' id='word_1_256' title='bbox 462 2981 513 3051; x_wconf 75' lang='lat' dir='ltr'>ha</span> <span class='ocrx_word' id='word_1_257' title='bbox 542 2910 687 3055; x_wconf 80' lang='lat' dir='ltr'>biliosum</span> <span class='ocrx_word' id='word_1_258' title='bbox 724 2983 891 3055; x_wconf 89' lang='lat' dir='ltr'>humorem</span> <span class='ocrx_word' id='word_1_259' title='bbox 924 2984 1127 3060; x_wconf 72' lang='lat' dir='ltr'>admittuncc</span> <span class='ocrx_word' id='word_1_260' title='bbox 1154 2980 1240 3049; x_wconf 89' lang='lat' dir='ltr'>unde</span> <span class='ocrx_word' id='word_1_261' title='bbox 1274 2981 1451 3074; x_wconf 86' lang='lat' dir='ltr'>pleurirides</span> <span class='ocrx_word' id='word_1_262' title='bbox 1486 3003 1506 3050; x_wconf 90' lang='lat' dir='ltr'>a</span> <span class='ocrx_word' id='word_1_263' title='bbox 1535 2976 1590 3050; x_wconf 85' lang='lat' dir='ltr'>bi·</span> 
     </span>
    </p>

    <p class='ocr_par' dir='ltr' id='par_1_26' title="bbox 203 3070 1588 3173">
     <span class='ocr_line' id='line_1_26' title="bbox 203 3070 1588 3173; baseline 0.006 -33"><span class='ocrx_word' id='word_1_264' title='bbox 203 3070 277 3143; x_wconf 92' lang='lat' dir='ltr'>lioso</span> <span class='ocrx_word' id='word_1_265' title='bbox 311 3073 375 3146; x_wconf 88' lang='lat' dir='ltr'>stre</span> <span class='ocrx_word' id='word_1_266' title='bbox 403 3074 555 3173; x_wconf 73' lang='lat' dir='ltr'>sauguine</span> <span class='ocrx_word' id='word_1_267' title='bbox 585 3134 594 3152; x_wconf 91' lang='lat'><strong>.</strong></span> <span class='ocrx_word' id='word_1_268' title='bbox 630 3084 663 3151; x_wconf 80' lang='lat' dir='ltr'>Si</span> <span class='ocrx_word' id='word_1_269' title='bbox 690 3106 732 3153; x_wconf 89' lang='lat' dir='ltr'>ea</span> <span class='ocrx_word' id='word_1_270' title='bbox 763 3082 806 3152; x_wconf 77' lang='lat' dir='ltr'>eis</span> <span class='ocrx_word' id='word_1_271' title='bbox 837 3088 919 3153; x_wconf 88' lang='lat' dir='ltr'>ratio</span> <span class='ocrx_word' id='word_1_272' title='bbox 962 3080 1173 3152; x_wconf 79' lang='lat' dir='ltr'>articulorum</span> <span class='ocrx_word' id='word_1_273' title='bbox 1206 3100 1280 3169; x_wconf 80' lang='lat' dir='ltr'>quae</span> <span class='ocrx_word' id='word_1_274' title='bbox 1314 3082 1347 3145; x_wconf 74' lang='grc' dir='ltr'>δι</span> <span class='ocrx_word' id='word_1_275' title='bbox 1386 3073 1588 3149; x_wconf 85' lang='lat' dir='ltr'>membrana-</span> 
     </span>
    </p>

    <p class='ocr_par' dir='ltr' id='par_1_27' title="bbox 204 3172 1590 3266">
     <span class='ocr_line' id='line_1_27' title="bbox 204 3172 1590 3266; baseline 0.007 -28"><span class='ocrx_word' id='word_1_276' title='bbox 204 3194 273 3241; x_wconf 84' lang='lat' dir='ltr'>sum</span> <span class='ocrx_word' id='word_1_277' title='bbox 297 3222 308 3251; x_wconf 90' lang='lat'>,</span> <span class='ocrx_word' id='word_1_278' title='bbox 333 3178 367 3243; x_wconf 90' lang='lat' dir='ltr'>in</span> <span class='ocrx_word' id='word_1_279' title='bbox 401 3181 540 3250; x_wconf 87' lang='lat' dir='ltr'>articulis</span> <span class='ocrx_word' id='word_1_280' title='bbox 570 3203 628 3254; x_wconf 83' lang='lat' dir='ltr'>aut</span> <span class='ocrx_word' id='word_1_281' title='bbox 658 3206 722 3251; x_wconf 89' lang='lat' dir='ltr'>non</span> <span class='ocrx_word' id='word_1_282' title='bbox 755 3178 846 3251; x_wconf 73' lang='lat' dir='ltr'>facilc</span> <span class='ocrx_word' id='word_1_283' title='bbox 877 3180 971 3247; x_wconf 85' lang='lat' dir='ltr'>dolor</span> <span class='ocrx_word' id='word_1_284' title='bbox 1005 3181 1189 3249; x_wconf 77' lang='lat' dir='ltr'>eaotaiur,</span> <span class='ocrx_word' id='word_1_285' title='bbox 1213 3194 1270 3243; x_wconf 91' lang='lat' dir='ltr'>aur</span> <span class='ocrx_word' id='word_1_286' title='bbox 1303 3179 1360 3266; x_wconf 87' lang='lat' dir='ltr'>qui</span> <span class='ocrx_word' id='word_1_287' title='bbox 1397 3172 1503 3247; x_wconf 88' lang='lat' dir='ltr'>asliuir</span> <span class='ocrx_word' id='word_1_288' title='bbox 1526 3179 1590 3249; x_wconf 87' lang='lat' dir='ltr'>lut·</span> 
     </span>
    </p>

    <p class='ocr_par' dir='ltr' id='par_1_28' title="bbox 204 3272 1589 3373">
     <span class='ocr_line' id='line_1_28' title="bbox 204 3272 1589 3373; baseline 0.006 -36"><span class='ocrx_word' id='word_1_289' title='bbox 204 3294 270 3339; x_wconf 91' lang='lat' dir='ltr'>mor</span> <span class='ocrx_word' id='word_1_290' title='bbox 304 3278 408 3343; x_wconf 90' lang='lat' dir='ltr'>renuis</span> <span class='ocrx_word' id='word_1_291' title='bbox 428 3275 472 3345; x_wconf 84' lang='lat' dir='ltr'>eli</span> <span class='ocrx_word' id='word_1_292' title='bbox 496 3286 532 3348; x_wconf 86' lang='lat'>&amp;</span> <span class='ocrx_word' id='word_1_293' title='bbox 558 3278 707 3349; x_wconf 87' lang='lat' dir='ltr'>subtilis.</span> <span class='ocrx_word' id='word_1_294' title='bbox 732 3282 765 3348; x_wconf 88' lang='lat' dir='ltr'>Si</span> <span class='ocrx_word' id='word_1_295' title='bbox 790 3284 905 3373; x_wconf 89' lang='lat' dir='ltr'>pituita</span> <span class='ocrx_word' id='word_1_296' title='bbox 928 3274 972 3345; x_wconf 80' lang='lat' dir='ltr'>tsi</span> <span class='ocrx_word' id='word_1_297' title='bbox 996 3280 1031 3345; x_wconf 72' lang='lat' dir='ltr'>dt</span> <span class='ocrx_word' id='word_1_298' title='bbox 1063 3275 1183 3342; x_wconf 89' lang='lat' dir='ltr'>humor</span> <span class='ocrx_word' id='word_1_299' title='bbox 1214 3272 1359 3351; x_wconf 89' lang='lat' dir='ltr'>crudus,</span> <span class='ocrx_word' id='word_1_300' title='bbox 1380 3294 1486 3365; x_wconf 80' lang='lat' dir='ltr'>quum</span> <span class='ocrx_word' id='word_1_301' title='bbox 1514 3298 1589 3373; x_wconf 88' lang='lat' dir='ltr'>pat·</span> 
     </span>
    </p>

    <p class='ocr_par' dir='ltr' id='par_1_29' title="bbox 205 3367 1587 3471">
     <span class='ocr_line' id='line_1_29' title="bbox 205 3367 1587 3471; baseline 0.002 -34"><span class='ocrx_word' id='word_1_302' title='bbox 205 3386 245 3436; x_wconf 87' lang='lat' dir='ltr'>scs</span> <span class='ocrx_word' id='word_1_303' title='bbox 269 3367 394 3465; x_wconf 83' lang='lat' dir='ltr'>lrigidae</span> <span class='ocrx_word' id='word_1_304' title='bbox 413 3374 577 3452; x_wconf 80' lang='lat' dir='ltr'>,densae‚</span> <span class='ocrx_word' id='word_1_305' title='bbox 602 3375 800 3471; x_wconf 64' lang='lat' dir='ltr'>compasse,</span> <span class='ocrx_word' id='word_1_306' title='bbox 825 3376 942 3450; x_wconf 80' lang='lat' dir='ltr'>dura,</span> <span class='ocrx_word' id='word_1_307' title='bbox 966 3374 1051 3443; x_wconf 87' lang='lat' dir='ltr'>nude</span> <span class='ocrx_word' id='word_1_308' title='bbox 1075 3374 1236 3449; x_wconf 84' lang='lat' dir='ltr'>humoris,</span> <span class='ocrx_word' id='word_1_309' title='bbox 1270 3375 1442 3468; x_wconf 84' lang='lat' dir='ltr'>recipiundi</span> <span class='ocrx_word' id='word_1_310' title='bbox 1466 3380 1502 3445; x_wconf 76' lang='grc' dir='ltr'>δι</span> <span class='ocrx_word' id='word_1_311' title='bbox 1526 3378 1587 3444; x_wconf 85' lang='lat' dir='ltr'>do.</span> 
     </span>
    </p>

    <p class='ocr_par' dir='ltr' id='par_1_30' title="bbox 204 3466 1737 3577">
     <span class='ocr_line' id='line_1_30' title="bbox 204 3466 1737 3577; baseline 0.003 -43"><span class='ocrx_word' id='word_1_312' title='bbox 204 3466 284 3537; x_wconf 85' lang='lat' dir='ltr'>lentii</span> <span class='ocrx_word' id='word_1_313' title='bbox 317 3491 407 3541; x_wconf 87' lang='lat' dir='ltr'>tanta</span> <span class='ocrx_word' id='word_1_314' title='bbox 435 3467 600 3545; x_wconf 66' lang='lat' dir='ltr'>facilitas?</span> <span class='ocrx_word' id='word_1_315' title='bbox 626 3476 714 3543; x_wconf 86' lang='lat' dir='ltr'>Nam</span> <span class='ocrx_word' id='word_1_316' title='bbox 746 3470 901 3566; x_wconf 80' lang='lat' dir='ltr'>frigiditas</span> <span class='ocrx_word' id='word_1_317' title='bbox 932 3476 967 3540; x_wconf 87' lang='lat'>&amp;</span> <span class='ocrx_word' id='word_1_318' title='bbox 1001 3472 1105 3541; x_wconf 90' lang='lat' dir='ltr'>lentur</span> <span class='ocrx_word' id='word_1_319' title='bbox 1138 3488 1261 3541; x_wconf 83' lang='lat' dir='ltr'>motum</span> <span class='ocrx_word' id='word_1_320' title='bbox 1305 3475 1337 3539; x_wconf 88' lang='lat' dir='ltr'>iu</span> <span class='ocrx_word' id='word_1_321' title='bbox 1371 3472 1477 3543; x_wconf 87' lang='lat' dir='ltr'>locum</span> <span class='ocrx_word' id='word_1_322' title='bbox 1511 3474 1737 3577; x_wconf 49' lang='lat' dir='ltr'>&amp;musterles</span> 
     </span>
    </p>

    <p class='ocr_par' dir='ltr' id='par_1_31' title="bbox 205 3552 1765 3694">
     <span class='ocr_line' id='line_1_31' title="bbox 205 3552 1765 3694; baseline -0.001 -57"><span class='ocrx_word' id='word_1_323' title='bbox 205 3559 324 3637; x_wconf 58' lang='lat' dir='ltr'>Massi</span> <span class='ocrx_word' id='word_1_324' title='bbox 347 3568 536 3664; x_wconf 82' lang='lat' dir='ltr'>impediret,</span> <span class='ocrx_word' id='word_1_325' title='bbox 562 3576 645 3643; x_wconf 86' lang='lat' dir='ltr'>unde</span> <span class='ocrx_word' id='word_1_326' title='bbox 669 3578 809 3643; x_wconf 80' lang='lat' dir='ltr'>auserit</span> <span class='ocrx_word' id='word_1_327' title='bbox 843 3568 969 3667; x_wconf 72' lang='lat' dir='ltr'>languis</span> <span class='ocrx_word' id='word_1_328' title='bbox 990 3616 1000 3645; x_wconf 79' lang='grc'><strong><em>,</em></strong></span> <span class='ocrx_word' id='word_1_329' title='bbox 1023 3593 1079 3641; x_wconf 88' lang='lat' dir='ltr'>aut</span> <span class='ocrx_word' id='word_1_330' title='bbox 1114 3564 1209 3646; x_wconf 89' lang='lat' dir='ltr'>bilis,</span> <span class='ocrx_word' id='word_1_331' title='bbox 1234 3586 1291 3640; x_wconf 87' lang='lat' dir='ltr'>aut</span> <span class='ocrx_word' id='word_1_332' title='bbox 1324 3566 1456 3648; x_wconf 87' lang='lat' dir='ltr'>serum,</span> <span class='ocrx_word' id='word_1_333' title='bbox 1484 3594 1542 3644; x_wconf 86' lang='lat' dir='ltr'>aut</span> <span class='ocrx_word' id='word_1_334' title='bbox 1566 3552 1765 3694; x_wconf 59' lang='lat' dir='ltr'>,sapsam-</span> 
     </span>
    </p>

    <p class='ocr_par' dir='ltr' id='par_1_32' title="bbox 204 3655 1697 3767">
     <span class='ocr_line' id='line_1_32' title="bbox 204 3655 1697 3767; baseline 0.003 -36"><span class='ocrx_word' id='word_1_335' title='bbox 204 3670 300 3759; x_wconf 89' lang='lat' dir='ltr'>rapite</span> <span class='ocrx_word' id='word_1_336' title='bbox 326 3668 444 3737; x_wconf 88' lang='lat' dir='ltr'>humor</span> <span class='ocrx_word' id='word_1_337' title='bbox 464 3665 606 3741; x_wconf 77' lang='lat' dir='ltr'>ferinus:</span> <span class='ocrx_word' id='word_1_338' title='bbox 632 3670 785 3741; x_wconf 85' lang='lat' dir='ltr'>Fernelius</span> <span class='ocrx_word' id='word_1_339' title='bbox 807 3671 888 3741; x_wconf 90' lang='lat' dir='ltr'>dicet</span> <span class='ocrx_word' id='word_1_340' title='bbox 909 3670 1081 3767; x_wconf 83' lang='lat' dir='ltr'>quamdam</span> <span class='ocrx_word' id='word_1_341' title='bbox 1118 3670 1176 3741; x_wconf 87' lang='lat' dir='ltr'>else</span> <span class='ocrx_word' id='word_1_342' title='bbox 1199 3666 1410 3737; x_wconf 85' lang='lat' dir='ltr'>articulorum</span> <span class='ocrx_word' id='word_1_343' title='bbox 1445 3657 1628 3743; x_wconf 79' lang='lat' dir='ltr'>imbecil.&#39;“</span> <span class='ocrx_word' id='word_1_344' title='bbox 1646 3655 1697 3703; x_wconf 69' lang='lat'>⁸¹·</span> 
     </span>
    </p>

    <p class='ocr_par' dir='ltr' id='par_1_33' title="bbox 204 3762 1587 3865">
     <span class='ocr_line' id='line_1_33' title="bbox 204 3762 1587 3865; baseline 0.007 -34"><span class='ocrx_word' id='word_1_345' title='bbox 204 3762 321 3832; x_wconf 82' lang='lat' dir='ltr'>litatem</span> <span class='ocrx_word' id='word_1_346' title='bbox 345 3773 400 3837; x_wconf 91' lang='lat' dir='ltr'>cui</span> <span class='ocrx_word' id='word_1_347' title='bbox 425 3770 580 3840; x_wconf 87' lang='lat' dir='ltr'>nonnulla</span> <span class='ocrx_word' id='word_1_348' title='bbox 604 3770 766 3841; x_wconf 73' lang='lat' dir='ltr'>dissolutio</span> <span class='ocrx_word' id='word_1_349' title='bbox 788 3770 853 3849; x_wconf 81' lang='lat' dir='ltr'>eli,</span> <span class='ocrx_word' id='word_1_350' title='bbox 878 3774 962 3841; x_wconf 85' lang='lat' dir='ltr'>unde</span> <span class='ocrx_word' id='word_1_351' title='bbox 988 3768 1153 3865; x_wconf 77' lang='lat' dir='ltr'>propensio</span> <span class='ocrx_word' id='word_1_352' title='bbox 1178 3768 1219 3833; x_wconf 88' lang='lat' dir='ltr'>ad</span> <span class='ocrx_word' id='word_1_353' title='bbox 1237 3767 1405 3834; x_wconf 82' lang='lat' dir='ltr'>humorem</span> <span class='ocrx_word' id='word_1_354' title='bbox 1430 3774 1587 3865; x_wconf 80' lang='lat' dir='ltr'>excipien-</span> 
     </span>
    </p>

    <p class='ocr_par' dir='ltr' id='par_1_34' title="bbox 204 3858 1583 3963">
     <span class='ocr_line' id='line_1_34' title="bbox 204 3858 1583 3963; baseline 0.009 -36"><span class='ocrx_word' id='word_1_355' title='bbox 204 3858 278 3931; x_wconf 88' lang='lat' dir='ltr'>dum</span> <span class='ocrx_word' id='word_1_356' title='bbox 306 3910 318 3943; x_wconf 89' lang='lat'>‚</span> <span class='ocrx_word' id='word_1_357' title='bbox 355 3864 440 3935; x_wconf 89' lang='lat' dir='ltr'>unde</span> <span class='ocrx_word' id='word_1_358' title='bbox 475 3862 599 3939; x_wconf 71' lang='lat' dir='ltr'>suibus</span> <span class='ocrx_word' id='word_1_359' title='bbox 632 3868 718 3941; x_wconf 88' lang='lat' dir='ltr'>sacile</span> <span class='ocrx_word' id='word_1_360' title='bbox 753 3870 906 3940; x_wconf 81' lang='lat' dir='ltr'>Arrhritis</span> <span class='ocrx_word' id='word_1_361' title='bbox 943 3876 1051 3938; x_wconf 79' lang='lat' dir='ltr'>evertit</span> <span class='ocrx_word' id='word_1_362' title='bbox 1084 3867 1175 3959; x_wconf 89' lang='lat' dir='ltr'>quod</span> <span class='ocrx_word' id='word_1_363' title='bbox 1210 3858 1356 3933; x_wconf 69' lang='lat' dir='ltr'>canibus</span> <span class='ocrx_word' id='word_1_364' title='bbox 1404 3863 1583 3963; x_wconf 68' lang='lat' dir='ltr'>liquesastis</span> 
     </span>
    </p>

    <p class='ocr_par' dir='ltr' id='par_1_35' title="bbox 203 3958 1586 4062">
     <span class='ocr_line' id='line_1_35' title="bbox 203 3958 1586 4062; baseline 0.007 -35"><span class='ocrx_word' id='word_1_365' title='bbox 203 3978 312 4027; x_wconf 86' lang='lat' dir='ltr'>corum</span> <span class='ocrx_word' id='word_1_366' title='bbox 347 3963 473 4033; x_wconf 86' lang='lat' dir='ltr'>articuli</span> <span class='ocrx_word' id='word_1_367' title='bbox 518 3968 647 4039; x_wconf 80' lang='lat' dir='ltr'>laxiores</span> <span class='ocrx_word' id='word_1_368' title='bbox 681 3990 770 4039; x_wconf 91' lang='lat' dir='ltr'>more</span> <span class='ocrx_word' id='word_1_369' title='bbox 811 3976 1022 4062; x_wconf 86' lang='lat' dir='ltr'>antiquorum</span> <span class='ocrx_word' id='word_1_370' title='bbox 1064 3970 1221 4061; x_wconf 86' lang='lat' dir='ltr'>parietum</span> <span class='ocrx_word' id='word_1_371' title='bbox 1264 3958 1465 4045; x_wconf 82' lang='lat' dir='ltr'>dehiscunt,</span> <span class='ocrx_word' id='word_1_372' title='bbox 1501 3968 1586 4037; x_wconf 87' lang='lat' dir='ltr'>unde</span> 
     </span>
    </p>

    <p class='ocr_par' dir='ltr' id='par_1_36' title="bbox 204 4052 1589 4163">
     <span class='ocr_line' id='line_1_36' title="bbox 204 4052 1589 4163; baseline 0.007 -38"><span class='ocrx_word' id='word_1_373' title='bbox 204 4056 291 4126; x_wconf 79' lang='lat' dir='ltr'>&amp;in</span> <span class='ocrx_word' id='word_1_374' title='bbox 317 4052 440 4131; x_wconf 79' lang='lat' dir='ltr'>senibus</span> <span class='ocrx_word' id='word_1_375' title='bbox 463 4060 603 4145; x_wconf 54' lang='lat' dir='ltr'>briasis</span> <span class='ocrx_word' id='word_1_376' title='bbox 620 4086 658 4137; x_wconf 75' lang='lat' dir='ltr'>nt</span> <span class='ocrx_word' id='word_1_377' title='bbox 690 4063 733 4137; x_wconf 88' lang='lat' dir='ltr'>ab</span> <span class='ocrx_word' id='word_1_378' title='bbox 765 4070 961 4163; x_wconf 85' lang='lat' dir='ltr'>Hippocrate</span> <span class='ocrx_word' id='word_1_379' title='bbox 993 4059 1199 4135; x_wconf 84' lang='lat' dir='ltr'>celebratur.</span> <span class='ocrx_word' id='word_1_380' title='bbox 1233 4061 1346 4131; x_wconf 78' lang='lat' dir='ltr'>Frater</span> <span class='ocrx_word' id='word_1_381' title='bbox 1378 4066 1503 4135; x_wconf 85' lang='lat' dir='ltr'>articuli</span> <span class='ocrx_word' id='word_1_382' title='bbox 1528 4070 1589 4135; x_wconf 70' lang='lat' dir='ltr'>ima</span> 
     </span>
    </p>

    <p class='ocr_par' dir='ltr' id='par_1_37' title="bbox 204 4146 1589 4252">
     <span class='ocr_line' id='line_1_37' title="bbox 204 4146 1589 4252; baseline 0.008 -29"><span class='ocrx_word' id='word_1_383' title='bbox 204 4146 402 4229; x_wconf 86' lang='lat' dir='ltr'>becillitatem</span> <span class='ocrx_word' id='word_1_384' title='bbox 432 4170 513 4237; x_wconf 85' lang='lat' dir='ltr'>dicet</span> <span class='ocrx_word' id='word_1_385' title='bbox 545 4172 580 4237; x_wconf 74' lang='grc' dir='ltr'>δι</span> <span class='ocrx_word' id='word_1_386' title='bbox 614 4168 745 4237; x_wconf 86' lang='lat' dir='ltr'>humori</span> <span class='ocrx_word' id='word_1_387' title='bbox 783 4169 940 4236; x_wconf 79' lang='lat' dir='ltr'>Artirritin</span> <span class='ocrx_word' id='word_1_388' title='bbox 972 4164 1181 4233; x_wconf 85' lang='lat' dir='ltr'>committenti</span> <span class='ocrx_word' id='word_1_389' title='bbox 1214 4156 1395 4252; x_wconf 86' lang='lat' dir='ltr'>orgasmum</span> <span class='ocrx_word' id='word_1_390' title='bbox 1427 4164 1511 4235; x_wconf 80' lang='lat' dir='ltr'>elle:</span> <span class='ocrx_word' id='word_1_391' title='bbox 1537 4168 1589 4236; x_wconf 87' lang='lat' dir='ltr'>liic</span> 
     </span>
    </p>

    <p class='ocr_par' dir='ltr' id='par_1_38' title="bbox 206 4252 1730 4357">
     <span class='ocr_line' id='line_1_38' title="bbox 206 4252 1730 4357; baseline 0.003 -33"><span class='ocrx_word' id='word_1_392' title='bbox 206 4252 365 4346; x_wconf 82' lang='lat' dir='ltr'>orgasmus</span> <span class='ocrx_word' id='word_1_393' title='bbox 387 4256 430 4330; x_wconf 88' lang='lat' dir='ltr'>ab</span> <span class='ocrx_word' id='word_1_394' title='bbox 454 4268 560 4335; x_wconf 84' lang='lat' dir='ltr'>iclrore</span> <span class='ocrx_word' id='word_1_395' title='bbox 582 4262 625 4332; x_wconf 81' lang='lat' dir='ltr'>eli</span> <span class='ocrx_word' id='word_1_396' title='bbox 648 4261 830 4335; x_wconf 82' lang='lat' dir='ltr'>facultatem</span> <span class='ocrx_word' id='word_1_397' title='bbox 864 4267 1006 4335; x_wconf 87' lang='lat' dir='ltr'>irritante</span> <span class='ocrx_word' id='word_1_398' title='bbox 1035 4265 1093 4353; x_wconf 85' lang='lat' dir='ltr'>qui</span> <span class='ocrx_word' id='word_1_399' title='bbox 1123 4258 1260 4330; x_wconf 87' lang='lat' dir='ltr'>crailiori</span> <span class='ocrx_word' id='word_1_400' title='bbox 1293 4260 1417 4355; x_wconf 88' lang='lat' dir='ltr'>corpori</span> <span class='ocrx_word' id='word_1_401' title='bbox 1448 4261 1585 4337; x_wconf 89' lang='lat' dir='ltr'>inclusus</span> <span class='ocrx_word' id='word_1_402' title='bbox 1600 4288 1730 4357; x_wconf 46' lang='lat' dir='ltr'>affin,</span> 
     </span>
    </p>

    <p class='ocr_par' dir='ltr' id='par_1_39' title="bbox 207 4352 1758 4558">
     <span class='ocr_line' id='line_1_39' title="bbox 207 4352 1736 4471; baseline 0.007 -47"><span class='ocrx_word' id='word_1_403' title='bbox 207 4352 262 4424; x_wconf 82' lang='lat' dir='ltr'>boc</span> <span class='ocrx_word' id='word_1_404' title='bbox 285 4357 409 4453; x_wconf 89' lang='lat' dir='ltr'>alioqui</span> <span class='ocrx_word' id='word_1_405' title='bbox 435 4361 520 4436; x_wconf 87' lang='lat' dir='ltr'>deses</span> <span class='ocrx_word' id='word_1_406' title='bbox 543 4364 603 4430; x_wconf 86' lang='lat' dir='ltr'>ciet</span> <span class='ocrx_word' id='word_1_407' title='bbox 627 4386 663 4433; x_wconf 87' lang='lat' dir='ltr'>ac</span> <span class='ocrx_word' id='word_1_408' title='bbox 687 4365 840 4457; x_wconf 88' lang='lat' dir='ltr'>impellit.</span> <span class='ocrx_word' id='word_1_409' title='bbox 1596 4376 1736 4471; x_wconf 59' lang='lat' dir='ltr'>quamue</span> 
     </span>
     <span class='ocr_line' id='line_1_40' title="bbox 251 4452 1758 4558; baseline 0.004 -30"><span class='ocrx_word' id='word_1_410' title='bbox 251 4455 300 4522; x_wconf 75' lang='lat' dir='ltr'>Ad</span> <span class='ocrx_word' id='word_1_411' title='bbox 336 4468 473 4534; x_wconf 77' lang='lat' dir='ltr'>ratioms</span> <span class='ocrx_word' id='word_1_412' title='bbox 504 4456 626 4558; x_wconf 87' lang='lat' dir='ltr'>quibus</span> <span class='ocrx_word' id='word_1_413' title='bbox 668 4464 793 4531; x_wconf 83' lang='lat' dir='ltr'>Fernrlii</span> <span class='ocrx_word' id='word_1_414' title='bbox 833 4463 943 4558; x_wconf 91' lang='lat' dir='ltr'>opinio</span> <span class='ocrx_word' id='word_1_415' title='bbox 985 4464 1025 4531; x_wconf 88' lang='lat' dir='ltr'>de</span> <span class='ocrx_word' id='word_1_416' title='bbox 1059 4459 1194 4530; x_wconf 85' lang='lat' dir='ltr'>humore</span> <span class='ocrx_word' id='word_1_417' title='bbox 1236 4454 1355 4551; x_wconf 81' lang='lat' dir='ltr'>frigido</span> <span class='ocrx_word' id='word_1_418' title='bbox 1395 4452 1758 4551; x_wconf 59' lang='lat' dir='ltr'>connliturrrbprdtl·</span> 
     </span>
    </p>

    <p class='ocr_par' dir='ltr' id='par_1_40' title="bbox 206 4544 1760 4673">
     <span class='ocr_line' id='line_1_41' title="bbox 206 4544 1760 4673; baseline 0.01 -56"><span class='ocrx_word' id='word_1_419' title='bbox 206 4554 318 4623; x_wconf 69' lang='lat' dir='ltr'>aoeedet</span> <span class='ocrx_word' id='word_1_420' title='bbox 363 4580 510 4633; x_wconf 81' lang='lat' dir='ltr'>veterum</span> <span class='ocrx_word' id='word_1_421' title='bbox 554 4547 729 4629; x_wconf 76' lang='lat' dir='ltr'>aubioritas</span> <span class='ocrx_word' id='word_1_422' title='bbox 770 4563 982 4656; x_wconf 86' lang='lat' dir='ltr'>Hippocrates</span> <span class='ocrx_word' id='word_1_423' title='bbox 1025 4554 1155 4627; x_wconf 89' lang='lat' dir='ltr'>morbos</span> <span class='ocrx_word' id='word_1_424' title='bbox 1189 4550 1326 4633; x_wconf 57' lang='lat' dir='ltr'>cnidon</span> <span class='ocrx_word' id='word_1_425' title='bbox 1358 4563 1391 4626; x_wconf 92' lang='lat' dir='ltr'>in</span> <span class='ocrx_word' id='word_1_426' title='bbox 1426 4556 1582 4633; x_wconf 69' lang='lat' dir='ltr'>senesiute</span> <span class='ocrx_word' id='word_1_427' title='bbox 1595 4544 1760 4673; x_wconf 42' lang='grc' dir='ltr'>Ἄπιθι</span> 
     </span>
    </p>

    <p class='ocr_par' dir='ltr' id='par_1_41' title="bbox 207 4652 1764 4767">
     <span class='ocr_line' id='line_1_42' title="bbox 207 4652 1764 4767; baseline 0.01 -54"><span class='ocrx_word' id='word_1_428' title='bbox 207 4654 246 4715; x_wconf 89' lang='lat' dir='ltr'>ait</span> <span class='ocrx_word' id='word_1_429' title='bbox 278 4652 485 4748; x_wconf 86' lang='lat' dir='ltr'>relinquere,</span> <span class='ocrx_word' id='word_1_430' title='bbox 511 4660 654 4729; x_wconf 85' lang='lat' dir='ltr'>Galenus</span> <span class='ocrx_word' id='word_1_431' title='bbox 687 4658 776 4728; x_wconf 86' lang='lat' dir='ltr'>audie</span> <span class='ocrx_word' id='word_1_432' title='bbox 809 4662 869 4728; x_wconf 82' lang='lat' dir='ltr'>lroc</span> <span class='ocrx_word' id='word_1_433' title='bbox 908 4661 949 4729; x_wconf 88' lang='lat' dir='ltr'>de</span> <span class='ocrx_word' id='word_1_434' title='bbox 981 4660 1172 4729; x_wconf 87' lang='lat' dir='ltr'>hemicrania</span> <span class='ocrx_word' id='word_1_435' title='bbox 1206 4664 1241 4751; x_wconf 67' lang='grc' dir='ltr'>βε</span> <span class='ocrx_word' id='word_1_436' title='bbox 1276 4659 1454 4727; x_wconf 85' lang='lat' dir='ltr'>Artlrritide</span> <span class='ocrx_word' id='word_1_437' title='bbox 1486 4654 1764 4767; x_wconf 57' lang='lat' dir='ltr'>bilin-ramsscm</span> 
     </span>
    </p>

    <p class='ocr_par' dir='ltr' id='par_1_42' title="bbox 208 4738 1755 4850">
     <span class='ocr_line' id='line_1_43' title="bbox 208 4738 1755 4850; baseline 0.011 -37"><span class='ocrx_word' id='word_1_438' title='bbox 208 4738 259 4813; x_wconf 85' lang='lat' dir='ltr'>sa.</span> <span class='ocrx_word' id='word_1_439' title='bbox 283 4750 435 4824; x_wconf 77' lang='lat' dir='ltr'>senecias</span> <span class='ocrx_word' id='word_1_440' title='bbox 466 4764 551 4831; x_wconf 88' lang='lat' dir='ltr'>enirn</span> <span class='ocrx_word' id='word_1_441' title='bbox 586 4752 700 4850; x_wconf 85' lang='lat' dir='ltr'>sn&#39;gida</span> <span class='ocrx_word' id='word_1_442' title='bbox 734 4758 809 4828; x_wconf 84' lang='lat' dir='ltr'>liuic</span> <span class='ocrx_word' id='word_1_443' title='bbox 839 4754 938 4829; x_wconf 77' lang='lat' dir='ltr'>cause</span> <span class='ocrx_word' id='word_1_444' title='bbox 969 4759 1078 4829; x_wconf 78' lang='lat' dir='ltr'>calida</span> <span class='ocrx_word' id='word_1_445' title='bbox 1113 4758 1282 4828; x_wconf 86' lang='lat' dir='ltr'>medetur.</span> <span class='ocrx_word' id='word_1_446' title='bbox 1309 4758 1349 4824; x_wconf 80' lang='lat' dir='ltr'>Et</span> <span class='ocrx_word' id='word_1_447' title='bbox 1379 4776 1485 4848; x_wconf 87' lang='lat' dir='ltr'>quum</span> <span class='ocrx_word' id='word_1_448' title='bbox 1512 4758 1687 4833; x_wconf 64' lang='lat' dir='ltr'>Gamales</span> <span class='ocrx_word' id='word_1_449' title='bbox 1706 4792 1755 4831; x_wconf 76' lang='lat' dir='ltr'>ca-</span> 
     </span>
    </p>
   </div>
   <div class='ocr_carea' id='block_1_3' title="bbox 208 4838 1710 5015">
    <p class='ocr_par' dir='ltr' id='par_1_43' title="bbox 208 4838 1710 5015">
     <span class='ocr_line' id='line_1_44' title="bbox 208 4838 1710 5015; baseline 0.006 -102"><span class='ocrx_word' id='word_1_450' title='bbox 208 4838 291 4913; x_wconf 80' lang='lat' dir='ltr'>lenus</span> <span class='ocrx_word' id='word_1_451' title='bbox 324 4870 389 4916; x_wconf 89' lang='lat' dir='ltr'>non</span> <span class='ocrx_word' id='word_1_452' title='bbox 414 4852 527 4947; x_wconf 86' lang='lat' dir='ltr'>probat</span> <span class='ocrx_word' id='word_1_453' title='bbox 558 4856 638 4926; x_wconf 82' lang='lat' dir='ltr'>lianc</span> <span class='ocrx_word' id='word_1_454' title='bbox 672 4854 853 4952; x_wconf 80' lang='lat' dir='ltr'>Aphorismi</span> <span class='ocrx_word' id='word_1_455' title='bbox 886 4874 1003 4953; x_wconf 85' lang='lat' dir='ltr'>partem</span> <span class='ocrx_word' id='word_1_456' title='bbox 1039 4878 1107 4947; x_wconf 88' lang='lat' dir='ltr'>qua</span> <span class='ocrx_word' id='word_1_457' title='bbox 1143 4860 1353 4951; x_wconf 82' lang='lat' dir='ltr'>Hippocrates</span> <span class='ocrx_word' id='word_1_458' title='bbox 1387 4858 1419 4919; x_wconf 88' lang='lat' dir='ltr'>in</span> <span class='ocrx_word' id='word_1_459' title='bbox 1453 4846 1710 5015; x_wconf 69' lang='lat' dir='ltr'>spurio-iiiito·</span> 
     </span>
    </p>
   </div>
   <div class='ocr_carea' id='block_1_4' title="bbox 207 4926 1761 5246">
    <p class='ocr_par' dir='ltr' id='par_1_44' title="bbox 207 4926 1761 5246">
     <span class='ocr_line' id='line_1_45' title="bbox 208 4926 1761 5081; baseline 0.008 -68"><span class='ocrx_word' id='word_1_460' title='bbox 208 4935 287 5053; x_wconf 72' lang='lat' dir='ltr'>ribus</span> <span class='ocrx_word' id='word_1_461' title='bbox 324 4944 515 5027; x_wconf 79' lang='lat' dir='ltr'>Arebritides</span> <span class='ocrx_word' id='word_1_462' title='bbox 557 4958 600 5025; x_wconf 89' lang='lat' dir='ltr'>ait</span> <span class='ocrx_word' id='word_1_463' title='bbox 633 4960 777 5051; x_wconf 75' lang='lat' dir='ltr'>vagaris</span> <span class='ocrx_word' id='word_1_464' title='bbox 813 4980 874 5023; x_wconf 90' lang='lat' dir='ltr'>non</span> <span class='ocrx_word' id='word_1_465' title='bbox 919 4974 1013 5047; x_wconf 85' lang='lat' dir='ltr'>negat</span> <span class='ocrx_word' id='word_1_466' title='bbox 1048 4976 1100 5023; x_wconf 71' lang='lat' dir='ltr'>,eas</span> <span class='ocrx_word' id='word_1_467' title='bbox 1142 4950 1184 5023; x_wconf 89' lang='lat' dir='ltr'>ab</span> <span class='ocrx_word' id='word_1_468' title='bbox 1217 4956 1351 5021; x_wconf 88' lang='lat' dir='ltr'>humore</span> <span class='ocrx_word' id='word_1_469' title='bbox 1385 4944 1498 5017; x_wconf 89' lang='lat' dir='ltr'>bilioo</span> <span class='ocrx_word' id='word_1_470' title='bbox 1545 4926 1761 5081; x_wconf 42' lang='lat' dir='ltr'>&amp;2⁰:522st</span> 
     </span>
     <span class='ocr_line' id='line_1_46' title="bbox 207 5038 1756 5150; baseline 0.015 -47"><span class='ocrx_word' id='word_1_471' title='bbox 207 5058 261 5107; x_wconf 85' lang='lat' dir='ltr'>acri</span> <span class='ocrx_word' id='word_1_472' title='bbox 293 5038 376 5115; x_wconf 89' lang='lat' dir='ltr'>nasci</span> <span class='ocrx_word' id='word_1_473' title='bbox 398 5094 409 5125; x_wconf 91' lang='lat'>,</span> <span class='ocrx_word' id='word_1_474' title='bbox 434 5047 483 5121; x_wconf 66' lang='lat' dir='ltr'>sd</span> <span class='ocrx_word' id='word_1_475' title='bbox 516 5072 610 5147; x_wconf 85' lang='lat' dir='ltr'>negat</span> <span class='ocrx_word' id='word_1_476' title='bbox 641 5058 674 5121; x_wconf 91' lang='lat' dir='ltr'>in</span> <span class='ocrx_word' id='word_1_477' title='bbox 705 5074 798 5124; x_wconf 92' lang='lat' dir='ltr'>tanto</span> <span class='ocrx_word' id='word_1_478' title='bbox 829 5049 974 5148; x_wconf 79' lang='lat' dir='ltr'>squalore</span> <span class='ocrx_word' id='word_1_479' title='bbox 989 5100 1002 5135; x_wconf 93' lang='lat'><em>,</em></span> <span class='ocrx_word' id='word_1_480' title='bbox 1037 5054 1090 5130; x_wconf 77' lang='lat' dir='ltr'>vis</span> <span class='ocrx_word' id='word_1_481' title='bbox 1127 5052 1295 5120; x_wconf 76' lang='lat' dir='ltr'>humorem</span> <span class='ocrx_word' id='word_1_482' title='bbox 1329 5040 1490 5143; x_wconf 83' lang='lat' dir='ltr'>suppetere</span> <span class='ocrx_word' id='word_1_483' title='bbox 1521 5055 1756 5150; x_wconf 47' lang='lat' dir='ltr'>quimmg</span> 
     </span>
     <span class='ocr_line' id='line_1_47' title="bbox 295 5142 1722 5246; baseline 0.014 -37"><span class='ocrx_word' id='word_1_484' title='bbox 295 5142 437 5217; x_wconf 58' lang='lat' dir='ltr'>aaronis·</span> <span class='ocrx_word' id='word_1_485' title='bbox 459 5152 557 5246; x_wconf 59' lang='lat' dir='ltr'>open</span> <span class='ocrx_word' id='word_1_486' title='bbox 580 5152 676 5222; x_wconf 74' lang='lat' dir='ltr'>Tim.</span> <span class='ocrx_word' id='word_1_487' title='bbox 703 5158 771 5225; x_wconf 70' lang='lat' dir='ltr'>1ss.</span> <span class='ocrx_word' id='word_1_488' title='bbox 1164 5150 1204 5213; x_wconf 85' lang='lat' dir='ltr'>M</span> <span class='ocrx_word' id='word_1_489' title='bbox 1259 5168 1274 5235; x_wconf 78' lang='lat'>3</span> <span class='ocrx_word' id='word_1_490' title='bbox 1424 5150 1456 5215; x_wconf 86' lang='lat' dir='ltr'>in</span> <span class='ocrx_word' id='word_1_491' title='bbox 1482 5170 1532 5220; x_wconf 80' lang='lat' dir='ltr'>ar.</span> <span class='ocrx_word' id='word_1_492' title='bbox 1582 5190 1643 5231; x_wconf 64' lang='lat' dir='ltr'>ir»</span> <span class='ocrx_word' id='word_1_493' title='bbox 1658 5170 1722 5231; x_wconf 70' lang='lat' dir='ltr'>rurs</span> 
     </span>
    </p>
   </div>
   <div class='ocr_carea' id='block_1_5' title="bbox 0 0 2225 6000">
    <p class='ocr_par' dir='ltr' id='par_1_45' title="bbox 0 0 2225 6000">
     <span class='ocr_line' id='line_1_48' title="bbox 0 0 2225 6000; baseline 0 0"><span class='ocrx_word' id='word_1_494' title='bbox 0 0 2225 6000; x_wconf 95' lang='lat' dir='ltr'> </span> 
     </span>
    </p>
   </div>
  </div>
 </body>
</html>
