4434 6000
469 572 529 641 os
546 568 800 647 mnemon
821 566 878 647 ar
896 566 1171 649 normann
1193 574 1382 663 nonan.
1490 600 1555 679 ,ις

179 706 184 753 l
225 702 278 776 uel
305 700 415 771 mortis
439 702 607 798 repent-ine
630 693 676 769 ob
698 694 860 773 sublatum
893 693 1102 789 respirationis
1137 698 1232 774 usum
1265 708 1421 797 ingruat.
1447 706 1610 801 Hysterica
1627 745 1685 801 <M
1711 748 1725 803 l
1751 748 1785 803 ᾖ,

228 802 355 896 quidem
384 795 482 895 pallio
504 800 583 871 dum
611 802 677 871 vias
699 794 824 897 spiritus
848 798 1037 890 intercipit,
1069 805 1169 873 immo
1203 809 1238 875 lic
1270 800 1365 874 usum
1399 801 1610 903 respirationis
1625 788 1784 909 scilinien.

179 910 180 943 ³
224 900 314 995 iqua
334 896 445 969 eadem
470 920 545 969 eum
571 898 636 967 rita
657 896 726 976 eli,
754 904 881 993 &qua
905 918 945 966 ne
971 904 1270 996 momentoquidem
1292 926 1398 974 cartre
1420 906 1606 1003 possumus)
1625 900 1783 981 &bt-lt·

179 1006 181 1045 ³
221 1000 326 1074 tollit,
349 991 443 1067 sutor
467 1000 550 1068 uteri
573 1041 583 1072 ,
608 997 688 1069 dum
711 1019 763 1068 eas
783 1000 817 1066 in
841 1019 972 1093 corpore
997 1000 1170 1090 tragoedias
1194 1008 1306 1073 excitat
1341 1020 1379 1071 uc
1402 998 1493 1073 facile
1517 1030 1604 1077 meris
1624 984 1762 1063 aeroas.

179 1124 180 1141 ³
222 1096 467 1195 percellatur&
486 1090 671 1166 obruatur.
699 1098 884 1190 Antequam
907 1113 1018 1165 autem
1044 1097 1084 1165 ad
1107 1093 1251 1167 furorem
1285 1104 1368 1169 uteri
1393 1105 1603 1187 accedimus,

220 1219 281 1265 non
306 1196 445 1265 alienum
471 1198 530 1262 erit
552 1196 704 1291 replicare
729 1218 770 1264 an
795 1192 951 1261 incolumi
977 1196 1041 1265 vita
1065 1189 1228 1289 respiratio
1251 1219 1451 1289 quemquam
1476 1204 1605 1278 deiicere

220 1290 338 1391 possit.
365 1286 449 1365 Hoo'
465 1296 499 1361 in
523 1286 658 1364 dubium
677 1288 996 1387 disceptationemque
1028 1290 1145 1361 adduci
1171 1289 1274 1363 solet.
1310 1293 1388 1363 Non
1413 1298 1523 1371 desum
1546 1308 1607 1395 qui

220 1392 361 1463 adduae
398 1390 622 1479 hystoricorum
657 1390 826 1459 mulierum
850 1390 994 1485 exemplo
1026 1410 1100 1481 quae
1133 1416 1197 1459 non
1228 1387 1381 1487 respirant
1405 1394 1603 1479 manifesto,

219 1490 409 1561 contendant
434 1490 552 1559 nullius
575 1487 633 1558 csse
658 1482 731 1559 usus
753 1484 986 1583 respirationem
1010 1510 1116 1581 quum
1143 1492 1262 1560 animal
1296 1491 1357 1559 fine
1380 1514 1417 1562 ea
1440 1496 1534 1589 poiht
1557 1501 1607 1569 vi.

218 1612 324 1661 vere.
363 1592 409 1658 At
443 1583 606 1684 respiratio
637 1610 701 1655 non
735 1584 775 1654 ad
811 1586 968 1655 astionem
1002 1586 1235 1682 geflioncnaque
1260 1592 1416 1686 privatam
1452 1588 1569 1689 speslas
1591 1642 1604 1675 ‚
1623 1606 1682 1671 zib.
1702 1613 1735 1669 de
1749 1636 1783 1673 a.

215 1683 263 1757 lid
290 1688 333 1757 ad
360 1698 457 1756 vitam
483 1682 581 1783 ipsam
605 1709 614 1753 r
637 1685 793 1778 siquidem
818 1687 1055 1764 nutritionem,
1090 1689 1386 1760 &ventilationem
1413 1737 1424 1767 ‚
1459 1699 1494 1761 δι
1527 1692 1603 1765 full.
1620 1687 1759 1772 tilinresp.

213 1786 318 1878 ginosr
344 1788 526 1855 excrementi
549 1782 754 1853 exclusionem
784 1784 850 1853 brec
883 1806 945 1853 una
978 1804 1154 1880 procurat.
1190 1788 1509 1884 Moderationcmquc
1541 1795 1600 1863 else

213 1898 346 1980 oportet
369 1927 380 1962 ,
403 1884 435 1951 id
458 1883 547 1977 quod
572 1882 748 1979 exemplum
773 1876 816 1954 ab
839 1900 966 1954 exterrm
991 1886 1124 1954 flamma
1147 1885 1285 1957 dublum
1310 1888 1416 1957 docet.
1443 1892 1481 1957 ln
1507 1890 1601 1963 flam·

213 2006 267 2053 ma
293 2004 331 2053 ea
356 2006 429 2076 qua
452 1976 512 2052 sub
536 1976 653 2053 sensum
683 1982 770 2051 cadit
801 2002 908 2051 motus
932 1983 1051 2077 duplex
1081 1983 1126 2051 eil
1157 1988 1242 2051 intro
1268 2028 1278 2061 ,
1312 1990 1346 2054 ἃ
1368 1982 1457 2054 foras
1482 2014 1490 2056 ε
1511 1993 1599 2061 intro

213 2084 252 2151 fit
276 2082 359 2149 dum
383 2075 521 2152 ambiens
545 2088 705 2177 potentior
728 2080 801 2155 est,
828 2080 912 2152 unde
934 2079 1132 2153 exstinbiio:
1167 2078 1250 2151 foras
1273 2083 1352 2151 dum
1376 2106 1430 2153 aer
1453 2103 1598 2159 externus

215 2176 425 2251 familiaritate
448 2202 523 2251 eum
549 2180 679 2255 flamma
703 2182 871 2257 convenit,
898 2183 983 2251 unde
1006 2201 1073 2251 eam
1096 2199 1208 2252 evocat
1227 2183 1263 2247 δι
1289 2181 1446 2253 dissolvit.
1474 2186 1516 2252 Er
1533 2208 1603 2255 rna.
1621 2177 1779 2279 lihdersa

213 2284 260 2366 jor
285 2278 418 2348 flamma
442 2274 587 2346 liberiori
612 2280 822 2373 ampliorique
846 2301 915 2347 aere
935 2300 1028 2375 eget,
1054 2280 1159 2345 minor
1184 2300 1262 2351 vero
1286 2283 1425 2377 pauciori
1452 2309 1461 2351 e
1496 2291 1600 2357 omnir
1619 2256 1770 2392 ΖῙΡΜ·

213 2394 319 2446 ramen
348 2376 480 2444 flamma
505 2398 544 2443 eo
567 2396 659 2468 eget,
681 2376 768 2443 calor
793 2377 960 2454 naturalis,
984 2374 1300 2473 quantuluscumque
1323 2382 1387 2456 iit,
1424 2382 1602 2453 ventilatio·
1617 2358 1684 2476 ρξ’,
1706 2424 1770 2482 „1

214 2500 251 2545 nc
276 2496 362 2571 opus
386 2470 498 2543 imber.
529 2477 574 2542 At
598 2479 629 2543 in
656 2471 812 2564 hystoricis
836 2496 956 2571 patrem
972 2472 1137 2549 calores,
1162 2476 1310 2551 mastos,
1335 2481 1369 2545 δι
1394 2502 1477 2573 pene
1497 2480 1599 2557 strass-
1622 2432 1702 2562 “ph
1714 2462 1779 2577 fahs.

213 2574 367 2665 gulosus,
395 2577 425 2644 vi
449 2569 575 2665 frigoris
599 2574 692 2669 ipsius
716 2578 856 2667 corporis
878 2580 940 2663 jam
967 2574 1062 2669 rigidi
1095 2575 1339 2673 quodammodo
1373 2595 1564 2673 temperatus
1585 2629 1596 2649 .
1617 2582 1711 2674 eueni.

214 2675 289 2741 ideo
313 2678 431 2763 exigua
455 2691 525 2763 eget
550 2672 750 2743 ventilatione
782 2692 820 2743 ot
854 2673 894 2741 ad
917 2674 951 2741 id
977 2670 1137 2769 respiratio
1159 2698 1224 2744 non
1248 2676 1285 2745 stt
1319 2677 1478 2747 necessaria
1503 2726 1514 2757 ,
1549 2675 1599 2751 sed
1620 2666 1693 2794 {fh
1711 2662 1782 2759 Μ’

218 2765 419 2866 transpiratio
443 2765 504 2839 hle
529 2792 628 2864 quam
663 2770 804 2841 Galenus
827 2766 941 2835 diebu
961 2764 1098 2835 duneald
1123 2794 1246 2851 uocat,
1278 2774 1364 2844 unde
1387 2779 1600 2873 Hippocrates
1615 2759 1780 2879 ἶξῖῗῖζ

215 2871 362 2966 preclare
387 2860 539 2939 stribebac
560 2894 569 2937 r
594 2872 791 2961 Principium
817 2872 965 2939 alimenti
982 2873 1120 2965 spiritus
1140 2918 1154 2949 0
1176 2898 1237 2947 or,
1264 2896 1389 2950 nares,
1413 2878 1452 2946 ef·
1476 2877 1599 2968 reliqua
1618 2904 1656 2956 cis
1670 2843 1780 2961 'in‘hi-

212 2970 420 3062 perspirarir.
448 2966 592 3037 Nomine
617 2967 847 3068 perspicationis
871 2974 906 3040 dr
931 2966 1126 3041 manifestam
1150 2967 1382 3062 respirationem
1413 2973 1564 3064 intelligit
1589 2984 1708 3052 ,am

219 3073 251 3137 δι
275 3092 344 3136 eam
371 3091 444 3161 qua
469 3064 620 3137 beneficio
645 3071 829 3140 arteriarum
855 3075 890 3140 δι
915 3085 1081 3138 meatuum
1106 3064 1227 3160 quibus
1251 3089 1367 3162 eorpus
1392 3068 1532 3140 nostrum
1557 3071 1601 3143 eh
1622 3066 1662 3154 ¹2³
1681 3059 1758 3154 [uffi-

219 3171 382 3260 pervium,
407 3171 463 3242 fit,
488 3163 777 3263 trarrspirationem.
802 3168 883 3234 lcleo
905 3161 1031 3234 dicebat
1055 3185 1172 3259 corpus
1196 3183 1301 3232 totum
1327 3160 1514 3260 inspirans,
1546 3195 1599 3242 ex.
1616 3156 1784 3284 J‘{”'¹†P'J‘

217 3273 324 3360 plcans
349 3311 360 3342 ,
386 3267 641 3333 dicundumst.
678 3267 832 3356 idemque
867 3263 1056 3331 mulierculis
1082 3262 1237 3350 hystoricis
1268 3266 1425 3355 contingit
1449 3271 1538 3361 quod
1563 3277 1599 3343 δι
1619 3235 1783 3358 immi

217 3361 413 3432 arrimalculis
436 3383 510 3453 qua:
536 3383 593 3456 per
618 3362 755 3429 hiemem
778 3365 814 3427 in
840 3355 980 3430 latibulis
1004 3363 1127 3454 degunt
1152 3407 1162 3436 ‚
1197 3363 1286 3454 quas
1310 3358 1513 3438 semimortua
1537 3365 1602 3442 stria
1618 3381 1781 3443 culimcal.

216 3457 462 3557 transpiratione
485 3475 667 3528 contenta.
706 3461 755 3546 De
778 3453 903 3550 quihus
926 3460 999 3528 Gal.
1022 3463 1054 3528 in
1090 3455 1277 3557 aphorismis
1300 3465 1392 3554 agit.
1429 3467 1471 3534 Et
1491 3491 1601 3558 quum
1618 3480 1688 3516 com.
1714 3463 1753 3553 ⁴1¹

218 3557 460 3654 perfrigeratum
487 3559 630 3652 undique
655 3559 691 3624 fit
713 3579 830 3654 corpus
854 3556 1113 3630 muliercularum
1149 3561 1291 3630 acaufis
1316 3562 1425 3657 paullo
1458 3566 1527 3659 post
1550 3589 1604 3636 ex·
1619 3538 1785 3634 ‘ibidis'

216 3657 393 3754 plicandis,
418 3657 534 3724 mirum
559 3679 597 3722 ne
622 3657 658 3723 fit
683 3655 704 3722 fi
729 3679 872 3751 anapnoe
897 3675 1048 3727 contenta
1072 3663 1180 3730 vivant
1204 3673 1216 3728 ὶ
1242 3657 1304 3726 Sed
1339 3661 1393 3726 hic
1417 3662 1486 3730 dcto
1510 3659 1602 3750 objici
1619 3627 1782 3755 ffl'msp

222 3753 351 3847 possunt
375 3775 449 3843 quae
472 3755 553 3824 illud
575 3747 838 3825 labefastabunt.
875 3755 967 3824 Prius
990 3757 1149 3847 quidem,
1185 3757 1208 3824 ii
1244 3777 1408 3827 revocatur
1442 3762 1527 3828 intro
1551 3787 1602 3834 ea.
1622 3741 1731 3836 Plinius
1748 3781 1782 3846 aa

217 3851 286 3930 lor,
311 3855 503 3948 cogiturque
528 3849 571 3922 ob
595 3850 829 3952 perfritiionem
853 3861 972 3922 externi
997 3857 1147 3932 halitus,
1178 3876 1238 3922 cur
1271 3879 1336 3923 non
1372 3855 1455 3924 idem
1479 3856 1786 3937 contrahiscere.

216 3958 266 4118 pit
291 3953 380 4042 quod
406 3955 438 4020 in
471 3952 593 4048 lipyriis
618 3944 800 4028 febribus,
836 3971 893 4020 aut
916 3947 1040 4028 causo,
1077 3971 1136 4022 aut
1171 3955 1263 4022 initio
1294 3953 1523 4048 periodiearum
1557 3937 1782 4028 fols-¹²⁶²*

243 4055 370 4120 rium!
406 4048 492 4118 Nam
518 4056 552 4118 in
580 4051 628 4118 his
651 4045 867 4148 perfrigcrato
899 4057 1082 4144 rigaturque
1119 4044 1232 4119 habitu
1266 4053 1392 4124 interna
1425 4074 1601 4138 uruntur,
1635 4019 1662 4092 ff

256 4153 261 4164 ι
304 4151 310 4164 ¹
594 4157 599 4166 ¹
653 4153 657 4163 Ι
757 4153 761 4162 ,
1303 4159 1308 4170 ⁸
1618 4039 1784 4167 f’arrafr.

220 4149 278 4218 srtts
298 4169 413 4242 ingens
437 4146 499 4224 est,
524 4145 682 4246 respiratio
706 4146 779 4218 sarrs
805 4169 919 4240 magna
944 4157 977 4218 δι
1002 4147 1173 4244 frequens.
1208 4151 1326 4220 Omnis
1359 4152 1447 4222 calor
1470 4156 1600 4230 coruus
1615 4181 1722 4257 proni.
1748 4196 1752 4203 ·

221 4243 310 4343 seipso
336 4252 440 4335 maior
467 4246 505 4313 fir
530 4272 538 4319 r
562 4251 594 4317 in
621 4249 773 4339 hystoricis
798 4254 869 4340 cogi
895 4250 1024 4320 videtur
1046 4299 1054 4316 .
1083 4249 1200 4318 Premit
1224 4249 1353 4340 quidem
1379 4251 1444 4323 hee
1481 4259 1564 4326 ratio
1590 4259 1717 4343 ,Qum
1739 4267 1784 4318 in·

221 4345 276 4422 Sed
299 4353 344 4418 ita
371 4339 442 4416 satis
466 4339 558 4414 debet
585 4351 677 4418 fieri.
714 4343 877 4424 eaoson,
911 4353 946 4418 ἃ
979 4347 1139 4442 leipyriam
1172 4340 1289 4416 febrem
1325 4352 1428 4450 Hipp.
1464 4357 1601 4453 apposite
1614 4339 1711 4476 sirpus
1747 4341 1783 4412 ²st

1617 4440 1650 4477 tl
1663 4439 1710 4482 07,
1725 4437 1779 4479 lm

221 4462 310 4514 votat
333 4441 426 4522 nuel
447 4439 705 4524 armogastem,
740 4445 817 4516 idest
842 4441 960 4515 hbrem
987 4443 1253 4540 perstigeratam,
1278 4449 1369 4539 quod
1395 4475 1450 4547 per
1474 4475 1602 4526 rem.
1633 4519 1720 4558 aucus

219 4544 340 4610 cionem
366 4549 452 4614 intro
476 4544 590 4616 caloris
615 4546 648 4609 &
674 4539 801 4640 spiritus
826 4548 948 4615 interna
970 4545 1179 4616 adurantur:
1208 4548 1251 4616 At
1275 4551 1307 4613 iu
1335 4544 1478 4642 partibus
1501 4517 1701 4636 exter-fimf,
1728 4539 1757 4653 's‘

223 4645 273 4708 nis
295 4643 486 4735 expanditur
510 4644 614 4719 calor,
640 4644 730 4736 quod
747 4648 779 4712 in
799 4643 954 4734 hystoricis
972 4667 1035 4713 non
1056 4649 1112 4716 fit.
1141 4648 1237 4714 initio
1261 4641 1398 4718 febrium
1422 4644 1523 4743 frigus
1542 4675 1600 4744 po·
1617 4653 1720 4732 consere

222 4741 287 4806 tius
309 4740 481 4828 contingit,
505 4759 543 4810 ut
568 4761 642 4813 arare
665 4765 735 4836 cap.
758 4743 798 4811 de
823 4745 932 4840 Epiala
967 4743 1162 4821 docuimus,
1197 4764 1325 4840 propter
1358 4749 1602 4839 inequalitatem
1617 4740 1689 4794 tarro
1706 4755 1782 4799 Μ·

224 4853 331 4904 motus
354 4840 390 4904 dr
405 4837 604 4911 ,amalonem
630 4841 742 4910 caloris
766 4844 938 4914 naturalis.
967 4843 1030 4913 Hic
1055 4869 1122 4912 non
1145 4841 1187 4911 ell
1213 4844 1295 4912 idem
1327 4845 1482 4931 judicium
1508 4843 1600 4933 quod
1615 4817 1779 4974 mags

225 4935 317 5004 &cle
340 4932 518 5025 hystericis.
542 4941 581 5008 Et
603 4939 740 5010 clarioris
765 4939 917 5014 dedeina
942 4937 1034 5012 eausa
1068 4935 1211 5010 barbaris
1245 4937 1295 5009 sed
1318 4941 1399 5030 aptis
1423 4932 1527 5008 verbis
1552 4961 1602 5013 utt
1618 4911 1733 5038 drisicr-

225 5055 285 5102 non
307 5037 367 5106 trit
390 5027 446 5109 abs
471 5055 524 5110 re·
552 5039 648 5106 initio
670 5035 831 5121 febrium,
855 5041 1054 5136 inleipyriis,
1079 5037 1217 5133 Epialis.
1241 5033 1340 5128 frigus
1365 5057 1429 5104 non
1453 5034 1496 5105 eli
1522 5043 1706 5132 post-iram.
1767 5075 1782 5121 ·.

253 5163 273 5210 ο,
323 5133 464 5203 aaronis·
481 5135 582 5229 Oper.
604 5137 699 5209 Tem.
722 5141 780 5210 IV.
877 5169 881 5176 ·
1166 5135 1202 5201 Η
1447 5137 1553 5209 tivum
