4434 6000
463 531 524 600 DE
545 527 751 607 VlRGlNU
770 529 814 606 M
828 533 885 604 ET
907 530 1177 606 MULIERUM
1198 533 1401 610 Mortuis.
1541 567 1582 628 ¹9
1602 589 1611 616 .-

223 661 277 740 ti,
304 657 394 736 sunt.
408 669 446 738 dt
463 666 531 738 aliz
544 689 606 736 non
625 663 839 760 negligenda.
864 664 912 734 Ac
935 668 1075 762 primum
1096 663 1232 760 quidem
1252 671 1286 736 in
1302 657 1489 736 hominibus
1514 671 1643 768 Hippo.
1661 703 1733 780 Hipp'
1746 707 1769 765 ι.
1784 708 1819 767 ἡ

223 778 338 832 crates
363 757 399 824 d
420 765 492 831 dein
507 759 636 836 cautam
654 762 781 846 statuit,
805 763 917 836 deinde
932 766 1106 834 mulierum
1122 781 1294 845 naturam,
1318 769 1353 837 δι
1368 763 1507 836 colores.
1535 771 1640 853 Quod
1659 793 1724 842 nas.
1736 787 1811 854 mut.

223 862 421 932 notandum
443 865 617 938 admodum
630 861 700 934 est.
728 864 819 936 Nam
842 855 909 924 κᾶτ’
923 857 1028 936 flutio*
1053 886 1091 931 rx
1125 866 1282 962 principiis
1298 863 1509 958 generationis
1529 868 1644 940 nostra,
1657 868 1683 918 fn
1696 861 1800 925 '’tm-
1918 891 1923 899 ·

223 958 348 1028 mulier
372 959 425 1031 est
441 968 474 1032 in
490 985 556 1058 qua
576 969 611 1034 &
632 979 811 1044 naturam,
836 969 870 1036 dc
895 953 1014 1044 xptdt,
1048 960 1153 1038 idest,
1177 963 1403 1034 tolerationem
1430 965 1601 1037 considerat
1625 941 1774 1044 ‚dm
1826 996 1828 1000 ·

220 1053 370 1126 Tametsi
392 1064 443 1132 vir
465 1057 516 1132 stu
535 1059 859 1156 masculus-energian
890 1059 988 1160 ipfim
1016 1057 1184 1138 conferat,
1208 1065 1362 1133 nimirum
1394 1055 1495 1134 lemen
1520 1057 1636 1163 imper·
1652 1033 1814 1177 22:1¹2}

219 1155 380 1227 tiens-cui
404 1159 476 1230 infit
498 1163 661 1232 nectendi
680 1163 914 1256 monendique,
938 1181 1045 1230 tamen
1066 1163 1145 1252 quia
1162 1161 1276 1229 mulier
1294 1167 1491 1232 nutricatum
1515 1161 1634 1260 prabet
1646 1185 1740 1270 χρὴ

219 1254 256 1320 in
277 1254 456 1328 bominum
480 1265 680 1351 generatione
698 1279 867 1354 tamqnam
888 1259 970 1352 quid
992 1263 1188 1354 precipuum
1214 1253 1394 1355 spemmur.
1421 1263 1509 1332 Nam
1529 1288 1550 1334 a
1570 1290 1631 1336 nu·
1650 1272 1812 1347 constent·

221 1355 346 1425 tricaru
367 1353 442 1451 ipss
461 1359 609 1430 indicatio
637 1354 773 1428 sumitur
791 1353 1045 1430 &conservandi
1069 1361 1240 1452 corporis,
1266 1362 1301 1424 δι
1321 1379 1341 1426 a
1359 1352 1505 1434 morbis,
1530 1364 1632 1456 sequi

222 1447 372 1534 adsunt,
401 1455 549 1526 atsererrdi
571 1452 794 1538 acrinetensi,
817 1455 968 1548 siquidem
987 1455 1125 1524 medicus
1144 1469 1181 1521 ut
1199 1449 1310 1524 artifex
1328 1448 1472 1529 sensualis
1489 1459 1525 1524 iis
1550 1455 1634 1556 spre-

221 1553 263 1618 tis
284 1576 366 1646 quae
390 1577 410 1622 a
427 1549 514 1624 sensu
534 1551 605 1623 funt
621 1579 764 1646 quorum
781 1575 885 1626 tamen
904 1556 1043 1644 cognitio
1062 1555 1191 1650 plurimi
1206 1549 1355 1622 faciunda
1372 1553 1433 1633 est,
1458 1554 1498 1623 ad
1516 1578 1553 1625 ea
1572 1554 1632 1629 sese

221 1651 461 1722 accommodae
484 1677 557 1746 qua
576 1647 635 1722 sub
661 1649 781 1728 sensum
802 1657 901 1746 magis
927 1653 1064 1722 cadunt.
1090 1652 1268 1745 Quomodo
1286 1652 1498 1749 Hippocrates
1523 1655 1630 1750 neglc·
1646 1659 1704 1718 arb.
1730 1663 1764 1720 de

217 1747 276 1816 &a
303 1750 541 1820 elementorum
562 1755 760 1845 cognitione,
786 1747 974 1824 morborum
995 1757 1029 1821 dc
1050 1745 1189 1821 sanitatis
1203 1747 1309 1822 causas
1326 1776 1391 1820 non
1412 1745 1456 1822 ab
1476 1755 1484 1819 i
1510 1754 1546 1820 sis
1564 1763 1628 1849 pri.
1644 1760 1703 1810 νη.
1726 1744 1801 1812 Μ.

219 1849 359 1917 misac:
375 1846 574 1942 generalibus
600 1857 758 1948 principiis
783 1857 912 1948 repetit,
937 1845 987 1920 sed
1014 1844 1057 1920 ab
1081 1852 1149 1921 aliis
1175 1874 1286 1948 nempe
1310 1858 1374 1919 acri
1396 1897 1407 1928 ,
1432 1778 1531 1930 falb,
1554 1854 1627 1924 dul·

214 1947 322 2036 cique
344 1951 381 2018 δι
401 1949 493 2036 hujus
511 1955 632 2041 generis
653 1953 736 2022 aliis.
764 1953 865 2044 Quod
891 1949 974 2020 idem
1001 1974 1087 2022 inune
1114 1958 1183 2044 agit
1205 1956 1239 2020 δι
1258 1951 1428 2020 mulierum
1444 1969 1565 2022 naturae
1588 1959 1795 2056 &apuam

216 2045 378 2114 colorum
399 2051 551 2118 rationem
571 2045 704 2120 habens.
733 2053 782 2122 Ut
800 2057 886 2120 enim
905 2049 1029 2120 concedi
1049 2047 1140 2145 posset
1159 2072 1276 2122 marem
1300 2068 1406 2119 morus
1433 2053 1621 2146 principium
1636 2059 1800 2135 desemine.

216 2141 300 2222 esse,
326 2147 425 2239 quod
442 2152 474 2214 in
498 2152 607 2245 primis
625 2144 856 2222 observandum
877 2145 992 2226 foret,
1025 2167 1136 2218 tamen
1160 2172 1198 2219 ex
1219 2149 1331 2218 Caleni
1348 2151 1503 2246 opinione
1518 2151 1563 2220 ita
1581 2151 1620 2222 de

214 2242 359 2312 muliere
380 2240 490 2314 sentire
505 2268 650 2343 oportet,
676 2268 714 2322 ut
731 2249 820 2344 quod
837 2241 879 2318 ab
895 2269 931 2318 ea
949 2241 1141 2324 confertur,
1164 2250 1225 2322 stre
1250 2244 1446 2335 menstruum
1464 2249 1500 2316 tit
1522 2291 1533 2323 ι
1558 2249 1620 2322 lire
1634 2213 1795 2352 fffpff'z

218 2335 349 2420 semen,
377 2369 443 2412 non
473 2341 574 2416 solum
605 2353 745 2418 materiei
776 2349 929 2418 rationem
954 2339 1070 2416 habete
1098 2348 1271 2425 dicamus,
1294 2339 1345 2416 fed
1368 2340 1578 2442 &facultatis
1602 2338 1739 2452 ιώ..

215 2443 369 2511 maxime
392 2461 499 2513 autem
525 2448 557 2513 in
583 2447 667 2516 virili
694 2442 805 2518 semiue
829 2443 963 2516 facultas
986 2445 1046 2526 est,
1069 2447 1102 2516 in
1126 2446 1285 2517 menstruo
1308 2439 1403 2519 causa
1427 2447 1614 2518 materialis.

215 2540 261 2606 Et
288 2541 387 2633 quod
411 2545 589 2614 notandum
616 2553 776 2626 manime,
795 2546 880 2616 'licet
905 2546 996 2612 initio
1019 2549 1228 2638 generationis
1262 2539 1366 2615 femen
1398 2539 1553 2616 muliebre
1578 2567 1617 2617 ut

216 2657 295 2732 pote
313 2645 456 2712 materiei
477 2647 631 2714 rationem
649 2663 787 2724 tenens,
820 2644 903 2716 virili
925 2637 1038 2714 femine
1057 2640 1187 2716 inferius
1217 2645 1278 2713 fit:
1302 2647 1460 2740 contingit
1484 2665 1615 2723 tamen,

216 2737 352 2808 Galeno
386 2738 487 2818 teste,
512 2763 550 2812 ut
570 2739 672 2814 semen
690 2745 772 2814 iilud
791 2739 987 2812 imbecillum
1006 2739 1062 2814 nbi
1083 2742 1281 2814 menstruum
1306 2762 1473 2840 tamquam
1491 2738 1613 2814 socium

217 2831 396 2908 adsciscat:
421 2839 505 2910 unde
521 2842 613 2934 quod
642 2847 731 2915 initio
748 2861 816 2914 crat
840 2844 997 2915 infirmius
1024 2866 1139 2916 novem
1169 2844 1323 2913 menfium
1341 2835 1442 2940 spatio
1465 2843 1616 2914 menstrui

217 2929 332 3007 favore
351 2960 387 3009 ac
404 2930 547 3011 societate
566 2937 671 3013 fruens
690 2944 818 3015 tandem
845 2959 910 3013 aut
924 2935 1047 3033 viribus
1066 2942 1189 3037 equale
1208 2961 1268 3013 auc
1293 2937 1410 3038 suppar
1434 2942 1576 3012 redditur
1602 2989 1612 3008 .

219 3038 309 3127 Quae
328 3040 412 3107 ratio
432 3058 522 3113 acute
536 3040 806 3136 excogitarunt.
841 3045 966 3115 Revera
992 3044 1076 3111 enirn
1093 3039 1319 3115 menstruum,
1343 3058 1381 3107 ut
1403 3041 1502 3133 placet
1519 3038 1639 3149 Gale-¹
1690 3097 1712 3155 d

217 3156 284 3210 no,
309 3144 507 3229 generationi
525 3164 592 3211 non
615 3141 658 3211 cst
680 3143 982 3214 accommodatum:
1021 3140 1183 3227 hujusque
1214 3136 1309 3221 fidem
1334 3131 1409 3203 facit
1434 3137 1537 3231 prima
1555 3116 1681 3253 naspfp'·
1709 3099 1782 3175 ''s'‘

217 3249 303 3303 turae
328 3238 472 3315 molitio,
497 3242 617 3331 inqua
636 3241 788 3309 idtotum
810 3239 900 3329 quod
921 3253 1051 3326 apparet
1069 3234 1204 3303 leffium
1230 3229 1274 3299 est
1298 3254 1336 3300 ²⁰
1363 3226 1779 3329 spermaticum.o,1„·„1,2,

215 3330 303 3399 Sunt
327 3352 435 3405 tamen
455 3340 489 3405 δι
508 3332 631 3407 feminis
651 3330 868 3405 muliebris&
890 3328 1037 3397 menstrui
1064 3330 1096 3397 in
1116 3334 1352 3421 generationem
1378 3334 1522 3403 maxima
1545 3358 1605 3430 op.
1619 3334 1722 3409 desem.

213 3434 455 3519 portunitates:
484 3450 523 3500 ut
543 3452 609 3498 ιιοιι
630 3426 686 3499 abs
703 3454 734 3497 re
757 3429 944 3523 Hippocrat
961 3431 995 3495 dt
1016 3429 1187 3497 mulierum
1208 3448 1357 3499 naturam
1375 3477 1388 3509 ‚
1412 3437 1447 3501 δι
1465 3432 1606 3511 colores,
1620 3424 1692 3496 θ’θ’
1705 3421 1759 3513 Μ

214 3528 249 3595 δι
270 3528 421 3598 diuinum
441 3532 475 3595 in
491 3528 661 3595 hominum
683 3524 906 3595 constitutione
924 3518 1082 3609 observari
1099 3528 1195 3600 velit,
1219 3546 1256 3597 ut
1273 3530 1375 3597 inanis
1397 3523 1534 3621 objectio
1549 3496 1763 3641 tumul&

215 3646 291 3693 rum
315 3626 459 3697 rideatur
473 3627 532 3720 qui
554 3624 621 3697 idco
638 3623 754 3696 frullra
772 3626 943 3695 mulierum
970 3644 1119 3697 naturam
1136 3620 1264 3722 spellari
1287 3628 1499 3705 contendant,
1513 3630 1604 3723 quod
1612 3666 1692 3733 puers
1702 3668 1734 3719 p„
1763 3624 1775 3651 ⁸

217 3725 369 3817 opinione
387 3724 498 3795 Galen.
516 3724 623 3795 eadem
641 3728 678 3795 be
695 3724 867 3795 mulierum
889 3728 923 3793 δι
942 3726 1085 3797 virorum
1106 3747 1221 3795 natura
1240 3718 1296 3795 elle
1315 3726 1482 3805 videatur,
1497 3730 1533 3797 δι
1547 3748 1600 3797 ea·
1615 3740 1676 3796 vtro
1696 3737 1732 3809 ὸ
1868 3788 1886 3815 ,

218 3820 289 3890 dem
314 3820 378 3893 fere
397 3827 586 3920 temperies.
610 3820 724 3895 Scribit
742 3829 827 3905 enim
842 3820 992 3915 &irrigui
1011 3846 1104 3919 penes
1130 3842 1231 3920 partes
1254 3826 1446 3917 generationi
1464 3817 1765 3904 dicatasfflasculum

217 3940 358 3993 ceterum
376 3924 460 3992 idem
479 3924 554 4003 esse,
579 3941 618 3993 ut
639 3920 694 3995 soli
711 3924 809 3993 calori
825 3922 983 3995 distinctio
1000 3920 1173 3995 tribuenda
1199 3920 1237 3989 fit
1259 3928 1317 4015 qui
1339 3922 1473 3994 validius
1494 3926 1526 4035 in
1547 3926 1594 3995 vi·
1608 3892 1774 4056 &mem

216 4023 260 4084 ris
278 4014 363 4091 foras
381 4032 500 4118 promit
528 4043 661 4119 partes,
695 4026 734 4093 in
759 4018 946 4095 mulieribus
969 4024 1073 4095 medio
1100 4022 1188 4093 uelut
1210 4042 1305 4117 opere
1325 4015 1489 4091 subsistens
1513 4022 1624 4113 idem,

220 4116 362 4209 prestare
379 4122 507 4216 nequit.
538 4126 581 4194 At
598 4123 692 4215 longe
709 4122 799 4193 aliter
817 4114 909 4191 sentit
936 4116 1050 4193 auster
1070 4122 1155 4193 idem
1185 4117 1251 4202 (ac
1277 4120 1377 4190 miror
1392 4138 1519 4202 tanturn
1546 4125 1598 4193 vi·
1610 4061 1771 4211 ἔξ,”ἒζ’

219 4234 373 4288 tumeam
395 4214 440 4288 fui
461 4220 636 4291 dissimilem
653 4223 712 4293 esse
731 4225 751 4305 )·
767 4226 867 4291 matis
890 4225 927 4291 dt
944 4216 1066 4291 feminac
1091 4218 1322 4289 distinetionem
1339 4245 1404 4296 non
1430 4238 1536 4318 petens
1559 4220 1767 4302 tumultui&

218 4309 270 4385 illa
287 4320 462 4389 exclufione
490 4340 550 4391 aut
578 4320 774 4391 conclufione
800 4322 938 4417 partium
958 4366 970 4397 ,
993 4343 1126 4413 quum,
1157 4316 1285 4411 inquit,
1308 4337 1380 4388 toto
1406 4342 1538 4415 corpore
1562 4306 1699 4394 aescula·

1605 4382 1767 4467 cape-fid.
1897 4410 1908 4421 ·

217 4430 463 4511 temperamento
486 4418 739 4513 distinguantur:
766 4424 920 4490 Virorum
934 4440 1050 4516 corpus
1071 4419 1238 4497 calidum,
1272 4416 1496 4514 compactum,
1521 4440 1593 4513 pet·
1668 4466 1767 4541 eausa

218 4508 353 4605 spiram,
378 4540 489 4588 rarum
504 4540 626 4589 tamen.
654 4518 832 4589 Mulierum
860 4512 1041 4612 frigidum,
1075 4519 1188 4599 molle,
1211 4518 1443 4598 effeminatum,
1466 4491 1745 4620 minimtJlr'mm.

217 4605 526 4687 difuabne=1³autto
551 4620 681 4713 quidem
710 4623 834 4689 acutius
861 4618 925 4689 alio
959 4616 1029 4689 loco
1053 4612 1141 4689 ferus
1166 4615 1395 4689 distineitonem
1424 4624 1503 4720 perit
1528 4624 1765 4722 nonen-rdd-

219 4710 308 4801 (μαι
333 4704 477 4785 absolute
504 4712 607 4791 semen
632 4707 699 4777 καθ’
719 4710 775 4776 bu
798 4717 899 4787 altero
926 4716 963 4785 fit
988 4714 1176 4794 robustius,
1208 4709 1260 4784 sed
1287 4718 1376 4813 quod
1399 4706 1479 4777 *ard
1496 4709 1591 4792 eft*
1603 4707 1764 4804 ΝΜ·

221 4812 382 4903 mnrirrgat
407 4833 509 4887 unum
534 4818 637 4889 altero
654 4809 797 4915 superius
811 4814 899 4888 csse.
934 4816 1031 4887 Unde
1057 4817 1090 4887 id
1118 4813 1203 4887 foras
1219 4818 1253 4885 in
1276 4841 1363 4889 mare
1381 4839 1419 4885 ex
1443 4814 1555 4882 linatur
1580 4854 1593 4889 ι
1605 4866 1695 4926 Μ,

221 4908 314 4997 ,quod
326 4912 359 4979 in
375 4904 499 4983 feminis
512 4912 693 4989 conclusum
712 4916 813 4988 hcet.
849 4918 896 4986 At
916 4910 1002 4987 facile
1016 4914 1061 4987 cst
1075 4936 1151 4987 eum
1180 4921 1241 5009 qui
1260 4937 1366 4989 rerum
1382 4838 1594 4983 &bustiones
1665 4874 1744 4994 ’,ᾗ

219 5011 335 5083 nonne
353 5030 531 5111 pugnantes
554 5012 788 5113 diffidentesque
813 5018 872 5091 has
895 5017 1060 5114 opinfoncs
1086 5034 1277 5181 comperpere
1301 5040 1315 5083 .·
1338 5028 1448 5106 quum
1472 5012 1592 5179 agmini

411 5120 416 5128 ·
1271 5129 1292 5176 a
1512 5130 1550 5180 u·
