4434 6000
589 587 657 658 DE
695 586 1074 657 ARTHRITIDE
1109 589 1298 659 LIBER.
1518 617 1578 686 193

245 727 333 811 cujus
357 718 462 793 mor'bi
480 717 609 799 causa,
642 741 710 795 tam
733 717 830 792 saeuos
853 725 889 792 dt
914 723 1093 810 tyrannicos
1107 724 1305 794 ‘Arthriticlis
1337 721 1463 798 dolores
1493 732 1633 823 experia-

183 848 184 886 ι
246 841 318 890 tur.
346 822 398 890 Ad
426 823 507 894 ncnc
531 819 672 893 nostram
696 816 879 898 sententiam
903 820 1025 889 accedit
1049 825 1084 890 ἃ
1109 823 1278 906 Galenus,
1314 821 1362 890 his
1396 818 1515 894 verbis.
1542 824 1630 921 Saepe

183 949 184 985 ι
248 921 382 990 vidimus
405 923 537 990 interire
560 913 683 1014 quibus
707 910 787 988 succi
811 920 845 987 in
866 915 980 985 dolote
1008 920 1215 1009 articulorum
1235 926 1268 991 in
1292 937 1382 990 artus
1404 921 1519 999 delati,
1542 923 1632 992 dein·

183 1046 185 1051 >
247 1020 284 1086 de
306 1018 426 1114 expulti
450 1023 485 1096 in
509 1039 632 1115 partem
656 1020 830 1114 principem
853 1034 1096 1112 pervenerunt.
1134 1019 1186 1088 Ut
1210 1042 1275 1090 una
1309 1015 1375 1116 spes
1396 1015 1479 1090 foret
1512 1021 1535 1088 st
1571 1021 1630 1116 ipfi

248 1117 392 1188 humores
419 1118 461 1188 ad
485 1137 575 1186 attus
598 1136 838 1197 revocarentur.
866 1113 963 1184 Unde
988 1115 1090 1210 uulgo
1113 1116 1231 1188 dicitur
1254 1121 1352 1212 longa
1372 1117 1427 1202 [est
1450 1119 1631 1189 arthriticu-

246 1239 315 1286 rum
341 1222 428 1289 vita.
453 1214 582 1291 Natura
607 1209 810 1285 scexonerat
833 1217 869 1280 in
893 1234 996 1304 genus
1015 1207 1234 1283 musculosum
1272 1219 1305 1282 dt
1331 1212 1517 1287 nervosum.
1544 1221 1630 1311 Ergo

247 1315 394 1401 (dites)
423 1309 545 1398 δοηυιιι
578 1313 624 1385 cll
656 1314 788 1381 refluere
812 1306 854 1385 ub
876 1311 938 1380 hoc
971 1312 1101 1379 infirmo
1124 1335 1245 1410 genere
1274 1313 1316 1382 ad
1343 1333 1445 1409 partes
1471 1311 1631 1386 robustio-

244 1426 307 1480 rest
332 1413 425 1482 Nam
450 1407 585 1484 tobullae
609 1415 643 1478 dt
669 1409 870 1503 coquendo,
904 1413 940 1480 dt
970 1409 1141 1500 digerendo
1164 1409 1256 1481 latilc
1291 1407 1321 1481 se
1350 1403 1395 1482 ab
1418 1415 1532 1496 injuria
1555 1413 1629 1484 aile-

241 1527 335 1579 tent.
373 1512 411 1580 ld
445 1511 536 1606 quod
560 1507 606 1580 ell
627 1526 737 1579 contra
767 1529 973 1578 communem
1007 1511 1154 1578 omnium
1188 1511 1401 1608 opinionem.
1435 1510 1558 1581 Tamen
1582 1517 1628 1584 ita
1728 1531 1730 1538 ’

241 1603 332 1696 sentit
356 1613 460 1706 Hipp.
485 1613 558 1700 Qui
582 1602 687 1676 morbi
713 1602 829 1696 (ait)
860 1599 923 1675 ab
939 1597 1203 1678 imbecillioribus
1259 1603 1383 1680 artibus
1409 1611 1453 1678 ad
1484 1605 1629 1680 fortiores

240 1711 422 1787 temnunt,
442 1711 469 1786 li
482 1705 600 1792 {solutu
619 1701 698 1782 lunt
719 1701 897 1784 faciliores.
932 1703 1191 1790 lrrfluxusenim
1220 1634 1310 1794 Zoilo
1333 1731 1354 1779 a
1376 1701 1492 1781 robore
1514 1711 1626 1782 exclu-

240 1805 378 1877 dentur.
396 1810 487 1877 ἀι·
498 1809 577 1902 legit
590 1799 662 1902 pro
680 1803 934 1884 „excludemur
951 1848 971 1882 ,
994 1799 1234 1878 abfitmeotur.
1261 1807 1415 1900 Quidam
1436 1807 1623 1903 intelligunt

239 1923 338 1997 partes
360 1903 528 1982 fortiores,
550 1907 736 2002 principem
766 1902 940 1973 remelius
967 1898 1016 1972 est
1044 1926 1066 1974 a
1100 1909 1265 2002 pracipuis
1330 1900 1434 1979 eribus
1456 1912 1492 1975 in
1518 1914 1624 1981 minut

239 2009 414 2102 praecipuas
435 2006 586 2075 humores
608 2025 741 2100 repere.
770 2000 831 2072 ille
855 2002 943 2072 locus
968 1999 1072 2096 Hipp-
1104 2002 1150 2071 est
1173 1997 1290 2080 capilo
1311 2011 1373 2072 θ’.
1405 2005 1547 2075 Galenus
1570 2026 1620 2079 ta·

237 2125 311 2172 men
338 2098 517 2200 approbat.
555 2103 597 2172 Et
621 2099 761 2194 quaestio
781 2096 914 2168 nonest
939 2095 1008 2165 haec
1038 2099 1195 2169 inutilis:
1228 2123 1304 2170 nam
1335 2118 1439 2196 partes
1462 2105 1620 2196 principes

235 2197 306 2270 sunt
332 2199 495 2281 fortiores,
519 2204 552 2268 δι
581 2197 655 2270 sea
677 2198 822 2296 periculo
841 2193 967 2266 facilius
990 2195 1154 2267 vindicant
1186 2191 1249 2268 su'n
1279 2195 1343 2269 uste
1376 2191 1582 2270 facultatibus
1604 2250 1617 2282 ,

236 2295 406 2370 imbecillis
432 2292 580 2398 partibus
612 2297 645 2364 id
670 2320 736 2364 uon
771 2292 816 2363 cll
835 2317 872 2372 ,a
902 2309 1020 2363 natura
1052 2295 1254 2368 concellum.
1280 2296 1409 2366 -undc
1425 2297 1617 2388 videmusfi

231 2404 307 2489 quis
333 2417 435 2492 uapor
459 2399 594 2471 effetus,
616 2411 673 2465 aut
688 2387 897 2468 -obstrudlio,
918 2406 977 2460 aut
1000 2393 1081 2482 quid
1104 2394 1244 2466 alienum
1275 2413 1407 2492 appetat
1427 2391 1612 2480 cerebrum,

232 2495 342 2568 statim
366 2495 535 2572 conuelli,
567 2486 766 2568 erotlcotibus
799 2489 908 2568 multis
938 2490 1172 2584 eonvulfionem
1203 2493 1261 2565 elle
1293 2489 1471 2591 symptoma
1506 2492 1616 2570 morbi

231 2601 267 2666 dc
292 2613 417 2666 natura
439 2640 454 2676 2
480 2611 524 2666 ut
555 2613 632 2689 quar
656 2585 688 2661 sc
711 2595 854 2685 accingat
872 2587 926 2672 ‚ad
952 2585 1171 2667 ‚cuclufimrcm
1200 2597 1246 2664 rei
1277 2595 1444 2687 negotium
1467 2593 1496 2662 ei
1519 2591 1617 2671 faces·

228 2693 344 2766 sentia.

281 2793 318 2862 Si
342 2795 377 2862 in
400 2792 461 2862 hoc
484 2783 738 2894 disputationum
767 2783 903 2885 pelagus
927 2791 1087 2864 orationis
1115 2793 1230 2864 nonen
1263 2788 1334 2864 uela
1357 2791 1495 2889 pandere
1517 2795 1614 2868 uelle.

228 2913 326 2967 mut,
352 2894 406 2961 vix
430 2911 588 2982 umquam
614 2890 647 2956 in
672 2887 776 2958 altum
807 2880 975 2960 consecuti
1008 2889 1053 2960 ad
1085 2906 1217 2986 portum
1241 2895 1513 2984 ttutigmremur.
1546 2895 1612 2964 lta·

227 3012 293 3084 quc
318 2984 475 3061 solvimus
505 2987 669 3081 quidem,
703 3005 742 3059 ιιι
771 3012 839 3060 nnn
863 2990 909 3063 ita
938 2989 1049 3063 multo
1078 2986 1149 3085 post
1180 3010 1323 3089 tempore
1356 2989 1611 3064 reueheremn

227 3091 398 3180 Quoniam
420 3105 529 3157 autem
553 3086 709 3159 Atthritit
731 3104 800 3163 tam
820 3082 925 3163 saevur
944 3084 989 3157 nst
1015 3106 1198 3179 tyrannus,
1231 3108 1271 3161 ut
1292 3086 1484 3161 mortalium
1506 3108 1610 3184 gutur

226 3183 267 3257 ab
291 3186 351 3258 ista
376 3189 543 3278 tyrannide
551 3179 765 3279 liberemus,
788 3187 924 3258 animus
951 3178 1047 3256 nobis
1071 3184 1121 3257 eu
1141 3188 1233 3272 jueta
1258 3207 1395 3260 uam
1416 3188 1461 3258 de
1483 3186 1609 3262 theoto·

227 3306 314 3358 mata
340 3280 521 3383 proscripta
541 3284 690 3357 medendi
714 3284 907 3357 methodum
925 3274 1120 3354 conscribere
1141 3330 1150 3352 .
1174 3285 1235 3359 Sed
1254 3288 1412 3386 quoniam
1436 3286 1607 3361 incidimus

224 3390 266 3555 ipe
281 3405 390 3455 rerum
415 3386 565 3453 omnium
584 3374 858 3476 perturbationem
880 3384 987 3451 ocium
1018 3363 1194 3482 dxspcc‘larc
1223 3382 1447 3459 constituimur
1470 3384 1512 3457 ad
1536 3381 1609 3461 scri-

267 3485 370 3554 ndum
394 3484 601 3555 mnvenienst
1043 3492 1046 3497 “
1354 3500 1356 3505 ’
