4434 6000
544 657 547 662 .
688 605 760 685 ηε
900 585 1735 666 uuttutsituittotttr
1847 595 1854 605 ·

635 725 724 815 puris
744 725 781 789 ¹in
805 714 1048 790 abscessibus&
1076 717 1254 814 pbymatiss
1274 717 1312 782 dt
1333 713 1476 783 materiei
1501 703 1700 812 hypuslustos
1726 709 1762 775 in
1785 697 1928 778 febribus
1953 731 2015 808 pu·

629 851 659 898 v55
681 820 772 888 tridis
794 821 838 890 ite
863 815 996 889 scribit.
1031 815 1218 885 Humerum
1244 812 1476 910 putredoque
1502 813 1539 883 fit
1571 813 1602 877 in
1629 808 1707 877 vairs
1729 805 1836 874 similis
1866 807 1913 876 cil
1938 833 2011 902 que

632 959 657 996 ‚r
681 920 714 986 in
740 911 1046 988 inflammationibus
1081 919 1116 981 &
1142 905 1325 982 abscessibus
1357 913 1501 982 accidit.
1537 906 1598 977 Sed
1619 904 1665 975 est
1694 899 1756 972 ubi
1780 921 1895 976 natura
1921 905 2013 1005 supc-

631 1058 655 1096 „
676 1031 754 1094 tat,
772 1015 821 1086 est
841 1012 900 1086 ubi
927 1011 1113 1110 superetur.
1145 1013 1319 1109 Superante
1351 1011 1482 1104 quidem
1516 1025 1632 1077 natura
1668 1009 1702 1071 in
1726 995 1918 1074 abseessibus
1953 1029 2011 1105 pur

627 1155 658 1192 ,‚
680 1115 738 1190 fir,
762 1121 974 1186 incenatum
997 1103 1219 1187 humoribus,
1251 1107 1373 1201 aliquid
1395 1109 1485 1202 quud
1518 1105 1723 1204 proportione
1748 1105 1822 1198 puri
1845 1101 2010 1202 respondet

628 1228 655 1290 ³„
678 1206 812 1280 subdens
836 1216 867 1280 in
890 1214 1007 1282 urinis.
1034 1214 1076 1280 Et
1098 1231 1136 1279 ta
1159 1208 1295 1307 putredo
1314 1207 1442 1302 aliquid
1466 1210 1498 1274 in
1522 1202 1553 1275 sc
1577 1197 1676 1274 habet
1696 1199 1868 1272 cusiiuuis.
1896 1205 1949 1275 Sic
1972 1229 2007 1280 ee

627 1343 653 1386 s,
675 1306 865 1404 putrefacto
887 1331 988 1404 quam
1014 1307 1193 1378 cobliunem
1212 1307 1369 1386 dicimus,
1393 1301 1512 1402 semper
1545 1301 1586 1373 ad
1611 1320 1710 1372 unum
1743 1304 1832 1396 puris
1855 1297 2006 1398 speciem,

629 1440 650 1484 1,
675 1416 710 1476 δι
733 1413 799 1496 ejus
823 1429 915 1482 nutas
945 1402 1117 1477 habentem
1150 1409 1366 1478 terminatur.
1403 1406 1516 1474 Varias
1545 1423 1586 1472 uu
1617 1401 1688 1484 lucu
1718 1405 1916 1473 summouet
1940 1451 1952 1485 ,
1975 1411 2005 1477 in

549 1550 553 1559 ·
622 1512 756 1576 materie
777 1507 892 1586 mala,
923 1521 984 1576 our
1014 1510 1153 1575 omnino
1182 1523 1363 1600 corrupte,
1397 1519 1456 1574 aur
1487 1495 1649 1570 seminale
1683 1499 1939 1572 uiimadverrie.
1971 1507 2001 1576 ἃ

618 1607 709 1672 enim
731 1611 867 1677 marmio
890 1599 977 1675 buna
999 1604 1072 1684 eu,
1103 1609 1141 1675 dc
1164 1603 1249 1674 calor
1272 1603 1364 1676 valde
1389 1606 1533 1672 infirmus
1556 1643 1568 1677 ‚
1601 1619 1669 1670 una
1701 1605 1844 1668 mutatio
1868 1605 1999 1673 evcnit.

623 1701 660 1770 Si
685 1705 773 1774 calor
793 1705 928 1801 quidem
952 1700 1081 1782 mnus,
1100 1697 1151 1772 sed
1176 1697 1342 1799 perniciosa
1364 1705 1500 1772 omnino
1525 1703 1678 1776 materia,
1703 1718 1763 1792 pus
1787 1721 1853 1766 nun
1878 1704 1920 1772 fir
1943 1697 1993 1772 bc.

449 1840 548 1910 (μμ
565 1821 725 1892 lipsium.
752 1807 793 1873 Er
818 1803 861 1870 fic
886 1806 918 1870 in
939 1805 1067 1872 cetrum
1097 1799 1172 1870 Alio
1194 1823 1272 1873 veru
1294 1800 1367 1869 loru
1397 1800 1548 1870 concisius
1572 1817 1637 1867 scm
1672 1813 1774 1865 tutam
1798 1806 1992 1876 seminavit.

451 1892 1993 2092 sitia-itii‘351'330233322333353‘5‘223253’pisti‘lttltiissttitztt

445 2069 520 2136 ‘⁸¹³⁰
617 2089 811 2165 humoribus
835 2096 926 2193 plane
960 2090 1238 2194 putrescentibus,
1273 2095 1393 2166 nullam
1424 2096 1562 2187 gratiam
1589 2109 1711 2162 nature
1745 2093 1991 2195 recipientibus.

617 2192 728 2263 'sertia
753 2204 869 2265 mixta.
898 2197 935 2262 ln
961 2198 1065 2292 prima
1089 2197 1176 2288 viget
1200 2199 1332 2266 omnino
1354 2193 1445 2264 unior
1471 2191 1645 2262 naturalis.
1673 2194 1711 2259 ln
1737 2187 1873 2264 secunde
1897 2201 1990 2267 omni·

611 2308 658 2362 tiu
682 2287 827 2392 res-sunt
850 2309 959 2364 contra
984 2307 1159 2368 uisuram,
1193 2297 1227 2364 dt
1253 2313 1402 2389 exparte
1427 2293 1600 2367 materici,
1633 2293 1668 2360 dt
1704 2313 1745 2360 ec
1779 2313 1870 2390 parte
1901 2293 1989 2367 caus:

609 2391 660 2459 rei
684 2389 861 2464 efficientis.
886 2395 926 2461 ln
949 2395 1041 2463 tertia
1073 2396 1208 2462 materia
1230 2392 1365 2484 quidem
1401 2389 1446 2462 est
1479 2408 1590 2460 coorta
1623 2405 1804 2470 naturam,
1831 2389 1888 2467 sed
1911 2401 1988 2464 calor

611 2490 765 2558 suturalia
786 2492 922 2559 omnino
945 2494 1087 2562 evincere
1109 2513 1176 2559 non
1200 2488 1325 2586 potest.
1351 2487 1401 2556 Sic
1431 2505 1540 2587 potens
1562 2484 1606 2557 est
1627 2487 1734 2568 calor,
1759 2483 1809 2560 scd
1832 2497 1988 2584 quianon

610 2593 735 2680 paritur
758 2591 909 2665 materia,
930 2590 965 2656 in
989 2589 1175 2659 alimentum
1200 2611 1265 2658 non
1289 2593 1471 2659 convertit.
1498 2589 1543 2659 At
1568 2579 1706 2665 scirem,
1730 2591 1793 2658 vim
1818 2587 1909 2660 susm
1931 2595 1990 2662 im·

608 2687 738 2778 primic,
761 2683 848 2777 udde
871 2709 905 2755 m
950 2709 989 2756 na
1011 2687 1224 2757 commoditas
1248 2681 1396 2780 sequitur
1421 2731 1428 2754 .
1463 2685 1636 2758 Duclerent
1667 2677 1852 2754 ubffluum
1879 2711 1988 2761 matu·

604 2786 761 2861 rationes,
785 2802 859 2879 quae
882 2809 925 2881 po
976 2780 1211 2882 symptomatum
1237 2784 1422 2863 molestiis,
1454 2785 1495 2856 ad
1520 2777 1644 2854 bunum
1673 2785 1908 2854 struinuitut.
1945 2791 1987 2859 Er

604 2879 699 2974 quod
721 2885 753 2951 in
777 2881 966 2953 alimentum
991 2903 1107 2958 natura
1132 2909 1196 2953 non
1221 2886 1392 2959 convertit.
1417 2877 1488 2954 satis
1512 2879 1619 2953 officio
1643 2875 1700 2956 suo
1723 2877 1795 2952 iecit
1818 2883 1903 2952 fiio
1929 2909 1984 2984 pus

603 2975 764 3053 laudabile
793 3003 998 3055 commutet.
1034 2986 1075 3055 Et
1107 2987 1142 3053 ln
1175 2981 1329 3079 pestilenti
1364 2982 1589 3055 constitutione
1627 2975 1809 3055 notandum
1841 2982 1924 3055 iilud
1946 2983 1982 3057 ab
2039 2995 2041 3070 s

602 3076 705 3177 liipp.
728 3075 951 3156 observatum.
979 3077 1068 3153 Nam
1092 3083 1226 3177 loquens
1251 3084 1290 3151 de
1316 3082 1462 3177 malignis
1486 3076 1674 3152 abscessibus
1707 3100 1827 3153 tutore
1853 3096 1978 3176 madan
2038 3104 2039 3134 ¹

601 3194 670 3245 stun
691 3178 911 3271 recipientibus
935 3186 999 3261 ait,
1025 3173 1072 3255 trs*
1098 3175 1130 3241 ὁ
1150 3176 1238 3259 ῥῦμα
1258 3175 1423 3258 σηπόμενα
1450 3174 1488 3241 tls
1518 3176 1605 3241 im
1635 3180 1677 3254 rs·
1698 3175 1794 3255 vsu,
1815 3175 1882 3239 Ν
1899 3200 1981 3243 Μ’

602 3268 657 3333 Ν*
683 3293 724 3338 vt
741 3272 822 3338 las.
843 3280 877 3348 Si
901 3284 985 3349 enim
1010 3288 1141 3355 materia
1172 3284 1228 3355 isia
1260 3278 1361 3352 suisset
1387 3272 1496 3363 bisse,
1521 3284 1553 3351 in
1577 3300 1637 3375 pus
1670 3276 1821 3355 conversa
1855 3280 1976 3351 iuiiim.

601 3368 649 3441 At
670 3366 781 3444 salsam
805 3394 933 3448 tautum
961 3384 1050 3473 puris
1073 3386 1244 3475 imaginem
1271 3381 1407 3457 mulis,
1438 3387 1473 3450 dc
1508 3374 1552 3449 ob
1576 3382 1752 3475 putredinis
1775 3382 1976 3453 excellentiam

600 3468 636 3539 sr
661 3468 819 3568 pessimam
842 3474 979 3545 indolem
1005 3480 1112 3573 potius
1135 3480 1198 3551 ussa
1222 3482 1387 3575 corrupit,
1410 3498 1511 3573 quem
1538 3496 1662 3549 nature
1696 3481 1876 3574 legitimum
1907 3480 1978 3549 ebu-

595 3568 749 3641 cauterem
774 3575 898 3670 recipit.
924 3574 1158 3671 Relinquemus
1179 3577 1269 3649 illam
1288 3572 1456 3647 solemnem
1473 3575 1676 3673 questionem
1701 3600 1722 3650 a
1748 3578 1886 3649 Medicis
1917 3580 1978 3671 sgi-

597 3670 657 3737 tari
684 3664 829 3744 blitum.
857 3672 910 3739 An
934 3669 1102 3745 concursus
1126 3676 1165 3746 stt
1189 3676 1343 3749 naturalis
1365 3676 1510 3757 caloris,
1543 3681 1578 3748 sc
1612 3684 1679 3766 ejus
1703 3680 1761 3771 qui
1782 3698 1898 3748 cuntes
1922 3698 1972 3745 na·

594 3778 703 3838 turam
723 3770 788 3853 eil,
812 3772 855 3842 ad
879 3776 1123 3846 maturationem
1148 3790 1221 3847 tum
1247 3780 1279 3846 in
1304 3769 1507 3854 abscessibus,
1533 3792 1604 3846 tum
1628 3781 1661 3846 io
1696 3772 1832 3847 febrium
1859 3778 1974 3849 bumo-

592 3860 704 3936 ribus.
728 3871 875 3961 Quidam
895 3874 981 3940 enim
1004 3867 1154 3944 cumdem
1179 3875 1344 3946 audlutrm
1367 3867 1494 3948 trs-lm
1516 3873 1550 3937 ἃ
1570 3874 1716 3945 straus
1739 3872 1938 3943 eutsiiiruunt
1962 3916 1974 3949 ,

595 3966 631 4033 dt
654 3964 790 4036 diuersos
812 3972 947 4039 sinesin
970 3976 1111 4044 materiei
1133 3976 1307 4069 coquendas
1339 3973 1389 4045 vel
1425 3972 1632 4046 mirificando
1665 3972 1833 4046 divtrsm
1859 3970 1977 4066 penda

593 4076 628 4128 tt
653 4062 793 4133 volunt.
828 4070 876 4136 Ex
898 4066 949 4135 bis
970 4068 1047 4139 lucis
1079 4090 1168 4167 patet
1191 4074 1313 4146 Galenu
1345 4073 1463 4167 placere
1495 4070 1702 4171 hypostasin,
1735 4076 1770 4141 dt
1801 4092 1881 4145 vete
1901 4070 1973 4166 poti

590 4158 760 4253 analogum
782 4162 863 4245 tile,
886 4168 922 4236 δι
945 4170 1111 4241 materiam
1134 4165 1194 4241 aur
1218 4168 1323 4245 saltem
1348 4173 1488 4241 mantici
1510 4172 1568 4242 eise
1592 4190 1715 4265 partem
1738 4176 1805 4259 eius
1829 4168 1972 4240 humoris

588 4262 650 4351 qui
673 4254 774 4330 febres
797 4267 986 4335 committit.
1013 4271 1053 4338 Er
1076 4270 1120 4348 si,
1143 4275 1207 4357 iam
1229 4291 1269 4341 ur
1293 4268 1450 4348 diximus,
1474 4288 1512 4341 ut
1536 4274 1626 4369 pueri
1651 4293 1672 4342 e
1696 4262 1820 4341 morbis
1841 4262 1974 4338 liberen-

588 4366 662 4434 tur,
685 4360 722 4425 ἀ
747 4360 909 4442 mulieres,
933 4368 969 4434 dr
991 4366 1140 4446 desides,
1178 4372 1213 4437 δι
1238 4370 1324 4464 gule
1347 4368 1475 4447 dediti,
1510 4370 1687 4469 plurimam
1712 4366 1897 4469 bypoilcsm
1922 4364 1973 4435 elie

588 4454 701 4527 necesse
720 4456 787 4539 esi,
810 4462 987 4560 plurimum
1009 4466 1101 4536 crudi
1125 4461 1207 4538 succi
1229 4472 1329 4565 coqui
1354 4467 1467 4538 necem
1489 4468 1563 4538 eli.
1600 4474 1629 4539 is
1653 4488 1730 4544 veru
1766 4466 1971 4564 tongirusub

590 4550 698 4624 morbi
721 4555 813 4629 causa
835 4558 904 4640 est,
928 4563 1006 4654 quia
1029 4565 1104 4635 licet
1128 4588 1199 4662 puts
1220 4569 1371 4661 quedam
1395 4564 1499 4639 evius
1524 4568 1561 4638 su:
1582 4612 1594 4648 ‚
1618 4565 1683 4641 aliu
1707 4558 1756 4639 ob
1781 4563 1905 4640 sebtem
1929 4558 1971 4631 su·

570 4646 712 4723 scitatur
734 4678 891 4752 queunt
910 4653 999 4731 suver
1022 4658 1173 4745 sebrem,
1209 4682 1269 4738 aut
1292 4660 1449 4744 v‘wmtls
1471 4660 1575 4738 saut.
1609 4670 1650 4739 Et
1685 4664 1793 4739 donae
1831 4668 1889 4739 illa
1911 4680 1968 4733 w

585 4759 716 4827 materia
741 4754 968 4834 vidissetis,
993 4762 1169 4858 cousque,
1194 4768 1229 4837 dr
1251 4769 1380 4838 tandem
1405 4763 1650 4845 surrexeritis,
1678 4764 1719 4837 de
1745 4760 1875 4839 morbo
1896 4778 1968 4855 :ger

584 4867 649 4919 uun
670 4856 732 4923 crit
754 4851 906 4927 securus.
942 4860 1046 4930 Immo
1069 4885 1108 4933 ne
1133 4860 1155 4932 li
1178 4884 1195 4933 e
1219 4882 1307 4960 patre
1331 4864 1441 4939 suesti
1475 4871 1510 4933 in
1546 4866 1643 4937 aliam
1676 4865 1810 4939 humor
1847 4866 1907 4939 etit
1926 4882 1966 4931 rs·

582 4948 720 5031 nidus,
752 4950 899 5027 securitas
918 4952 1001 5034 est,
1034 4960 1089 5029 niti
1115 4976 1231 5033 natura
1263 4968 1343 5036 ino
1439 4963 1591 5035 maionis
1627 4962 1862 5039 incubuerit·
1895 4960 1965 5033 Hier

578 5066 698 5118 comm.
723 5051 766 5119 ad
800 5078 870 5148 par.
897 5058 953 5145 67.
985 5051 1044 5128 lib.
1072 5080 1104 5126 ι.
1136 5063 1300 5159 prognati¹
1348 5086 1359 5134 r
1395 5066 1679 5163 peripneumoniuu
1721 5061 1892 5164 absousus
1905 5055 1972 5169 '⁶²²

1903 5174 1936 5229 sn
