4434 6000
647 607 716 700 24⁸
864 604 1718 681 uncr‘ecmrancconrr

595 761 662 816 rem
685 761 877 816 excernunt-
907 749 948 817 Et
972 761 1010 811 ut
1034 744 1171 835 ingenue
1195 733 1323 815 fatear,
1363 735 1424 806 ioci
1450 737 1547 827 hujus
1579 739 1747 838 explicatio
1770 739 1809 809 ad
1836 741 1872 810 id
1898 740 1992 834 quod

589 847 804 938 queamus,
828 844 918 916 mide
942 837 1082 914 confert.
1109 837 1172 908 Sed
1195 857 1368 934 antequam
1390 830 1645 924 objcbiiuneulas
1680 838 1738 908 bas
1760 837 1992 918 dillolvamus,

597 965 729 1035 aquum
752 941 797 1015 est
821 960 859 1012 ut
884 945 1019 1012 rationes
1043 937 1172 1008 Fernelii
1187 931 1406 1006 refellamus.
1446 935 1498 1002 Ad
1532 936 1652 1007 calcem
1689 955 1797 1007 autem
1830 933 1907 1008 libri
1943 961 1992 1009 ro-

597 1037 765 1122 ftrtmus,
795 1039 832 1111 id
856 1041 946 1134 quod
967 1048 1028 1109 'rios
1050 1043 1146 1106 cuam
1173 1055 1232 1130 pro
1257 1035 1396 1105 ferneiio
1418 1027 1622 1122 objecimus,
1654 1039 1689 1104 ue
1723 1036 1850 1110 tandem
1879 1037 1993 1106 Ferne·

598 1141 681 1309 {um
705 1162 781 1214 eum
815 1139 940 1210 Galcno
971 1127 1241 1209 conciliabimus.
1275 1135 1315 1205 Et
1348 1133 1420 1203 nin
1451 1127 1634 1230 disputandi
1668 1135 1858 1232 principium
1892 1131 1993 1207 arces·

634 1259 723 1309 mus.

582 1349 586 1356 ‘
652 1339 745 1407 Dum
768 1337 892 1430 integra
916 1336 1050 1406 finimtc
1074 1326 1244 1407 fruimur,
1268 1327 1406 1400 titiones
1428 1349 1536 1403 omnes
1569 1323 1642 1398 funt
1674 1325 1854 1427 legitime,
1878 1338 1916 1406 dc
1942 1359 1991 1406 ea·

603 1434 655 1504 lor
678 1435 831 1505 naturalis
855 1457 875 1503 a
900 1432 992 1502 nullo
1016 1427 1178 1503 afficitur.
1205 1425 1312 1498 Dolor
1335 1429 1438 1498 omnis
1463 1420 1548 1498 abeli
1579 1427 1669 1521 quod
1707 1439 1741 1501 in
1765 1453 1902 1530 corpore
1926 1457 1989 1504 om·

603 1539 657 1602 nia
687 1531 828 1626 legitime
868 1527 1157 1604 administrenturr
1194 1531 1295 1596 urina
1325 1520 1532 1607 laudabiles,
1564 1525 1748 1613 dejtfflones
1781 1536 1814 1601 dc
1841 1531 1984 1603 limilia:

603 1625 663 1701 ubi
686 1635 827 1728 primum
854 1625 948 1700 febris
971 1631 1150 1706 communis
1182 1627 1394 1696 animantium
1428 1620 1522 1694 bostis
1551 1618 1725 1709 oboritur,
1758 1625 1885 1702 dolores
1908 1636 1985 1728 capi·

605 1733 647 1799 tis
669 1748 812 1808 atroces,
836 1726 995 1800 lentitudo
1017 1729 1177 1822 corporis,
1199 1727 1230 1796 vi
1255 1723 1332 1804 iiiae,
1356 1741 1413 1794 aut
1437 1725 1469 1792 in
1494 1717 1640 1794 fimnum
1674 1729 1901 1825 propensitas,
1935 1725 1986 1802 laf

605 1827 715 1898 nendo
740 1832 776 1898 dt
798 1847 879 1924 pene
912 1820 1131 1898 membrorum
1164 1843 1223 1892 con
1272 1821 1337 1893 &io
1368 1820 1452 1894 adest
1475 1845 1489 1888 ι·
1519 1823 1605 1892 unde
1636 1826 1698 1896 hoc
1718 1843 1731 1900 t
1755 1831 1849 1924 Qia
1874 1832 1984 1899 inten-

606 1931 705 2022 peries
729 1927 789 1996 toti
812 1927 937 2021 corpori
970 1923 1132 1992 inducitur
1161 1939 1302 1994 evertens
1334 1924 1476 1994 nativam
1511 1930 1727 2019 temperiem,
1759 1931 1794 1998 de
1826 1931 1985 1998 rumnlrrr

608 2027 794 2110 excitatur,
828 2023 1011 2098 humores,
1045 2027 1107 2113 qui
1133 2025 1221 2117 prius
1244 2033 1334 2088 erant
1356 2015 1451 2090 sereni
1475 2022 1508 2088 δι
1535 2027 1637 2118 pacati
1656 2071 1668 2104 ,
1689 2023 1939 2116 conturbantur
1958 2049 1986 2096 at

607 2127 748 2192 cientur.
774 2119 845 2190 Nec
870 2121 930 2191 hoe
953 2139 1019 2190 tam
1043 2138 1170 2218 repente
1192 2119 1324 2190 evcnit.
1356 2119 1444 2188 Nam
1471 2117 1573 2188 semen
1608 2117 1713 2193 morbi
1746 2132 1808 2214 jam
1832 2123 1987 2223 sepultum

609 2239 700 2297 erat,
723 2219 815 2314 quod
839 2220 917 2291 levis
941 2213 1036 2288 caufa
1059 2239 1159 2312 eaque
1183 2217 1407 2314 procatarciica
1432 2209 1614 2312 fu'f'citavit.
1650 2225 1690 2292 Et
1724 2229 1880 2296 miramur
1912 2225 1987 2295 mul·

608 2325 635 2386 ri
660 2338 725 2388 tam
750 2311 868 2389 subitas
892 2313 1082 2387 morborum
1107 2316 1305 2387 inraftones.
1348 2317 1407 2388 Sed
1433 2313 1537 2386 morbi
1573 2311 1682 2391 fenim
1715 2327 1799 2395 fiunt
1834 2347 1874 2395 ac
1899 2345 1985 2421 gene·

460 2494 465 2506 ,
519 2494 524 2504 ,
611 2436 749 2494 rantur,
773 2435 808 2488 at
830 2408 938 2496 6³95oe
961 2420 1006 2487 ait
1031 2417 1265 2514 Hippocrates,
1291 2413 1368 2484 idcll
1388 2459 1399 2492 ,
1422 2415 1461 2485 de
1487 2435 1643 2514 repente,
1667 2441 1703 2494 ac
1726 2420 1891 2495 confertim
1915 2421 1988 2493 ado·

428 2487 582 2629 wrm·
612 2520 775 2586 riuntur.
808 2518 922 2587 Urina,-
944 2515 1192 2584 inflammantur
1215 2507 1324 2609 sape,
1356 2508 1619 2601 conturbantur,
1653 2521 1730 2592 alias
1763 2543 1869 2595 tenues
1892 2543 1991 2620 oppa·

498 2587 569 2635 ω’
612 2632 703 2691 rent,
726 2614 785 2706 qui
810 2609 937 2708 sanguis
961 2611 1143 2684 detrahitur
1167 2609 1266 2682 veluti
1292 2601 1387 2682 fatnm
1409 2611 1482 2692 eli,
1514 2607 1665 2688 abscelius
1687 2621 1783 2700 liunt,
1807 2623 1993 2718 parotides.

535 2748 537 2751 ·
611 2719 646 2783 δι
671 2710 705 2779 id
729 2731 830 2804 genus
861 2714 956 2784 alia.
989 2715 1075 2802 Qua
1100 2719 1209 2779 munia
1242 2709 1401 2781 declarant
1435 2707 1598 2786 summum
1629 2717 1798 2787 tumultum
1827 2718 1922 2796 fieri,
1957 2721 1995 2786 dt

609 2811 908 2887 alterationem&
932 2814 1204 2907 permixtionem,
1238 2802 1314 2907 fapt
1337 2809 1585 2883 alienationem.
1622 2811 1753 2912 idipsum
1778 2817 1993 2914 Hippocrates

425 2964 493 3039 „n
535 2959 575 3021 m
610 2910 804 2997 explicavit:
835 2910 972 3008 Sanguis
1006 2911 1049 2980 ad
1082 2901 1263 3005 sapientiam
1297 2903 1400 2988 facit,
1432 2907 1599 3007 prael'cttim
1633 2937 1738 3012 quum
1772 2908 1860 2985 suam
1895 2905 1989 2985 babet

422 3043 457 3110 p,
491 3002 585 3115 'sm‘
608 3003 724 3086 μύξαι
746 3003 904 3087 odacro,
937 3028 976 3080 ut
1016 3010 1079 3082 alio
1113 3008 1185 3121 locu
1218 3005 1399 3129 loquitprs
1433 3010 1514 3081 idest
1541 3056 1553 3089 ,
1584 3014 1665 3084 dum
1700 3014 1823 3108 fanguis
1856 3014 1990 3111 comple·

428 3118 592 3263 ἵζ’ῒὲιῖ
610 3109 1375 3305 ῗέἕηῗζῗῖζ“ιῗῗρἳῗῖἔήᾏιῗῗόίξῖ,ᾌᾞῗ
1390 3105 1989 3294 i‘iilrril‘litlirlli

430 3276 491 3337 ω’·
613 3306 682 3375 fuas
705 3306 920 3376 inclinationes
944 3300 1114 3395 motusque
1137 3298 1234 3373 habet
1258 3312 1430 3404 proprios,
1464 3303 1675 3381 torrefactum
1709 3309 1830 3381 animal
1852 3310 1926 3391 eli,
1960 3312 1989 3381 ᾱ

613 3405 661 3472 nil
686 3406 885 3499 peregrinum
910 3408 1019 3472 animo
1043 3396 1257 3471 obversatur.
1291 3403 1350 3474 Sod
1374 3426 1480 3499 quum
1513 3413 1615 3477 motio
1649 3412 1778 3509 propria
1810 3408 1922 3486 decii,
1957 3410 1988 3473 ἅ

611 3523 670 3573 aut
695 3502 857 3580 alteratio,
882 3522 940 3573 aut
963 3498 1104 3571 confufio
1129 3500 1351 3597 permistioque
1374 3507 1419 3573 rei
1441 3506 1550 3577 aliena
1574 3509 1636 3586 fit,
1657 3528 1767 3579 eontra
1792 3516 1906 3579 omnia
1926 3524 1991 3574 tre·

608 3606 719 3673 niunt.
747 3601 878 3672 Nomen
902 3618 1011 3671 autem
1034 3588 1181 3662 cardam
1205 3596 1381 3672 obscurum
1404 3602 1477 3673 eli:
1510 3624 1568 3673 nee
1602 3608 1732 3703 aliquod
1767 3600 1910 3679 verbum
1935 3603 1990 3671 La·

609 3710 718 3771 tinum
745 3692 919 3779 babemus,
942 3700 1034 3795 quod
1059 3720 1220 3798 opponere
1243 3698 1411 3799 pollimus.
1436 3702 1578 3794 Quidam
1604 3701 1713 3767 ime
1732 3694 1856 3769 eirarn
1881 3718 1996 3779 vocat,

609 3802 733 3899 hepatis
754 3800 1041 3899 complexionem,
1076 3822 1139 3868 non
1167 3794 1237 3871 fatis
1269 3820 1379 3897 apte,
1414 3820 1453 3869 ut
1486 3824 1590 3897 quum
1627 3826 1684 3877 aut
1709 3806 1809 3879 laxius
1833 3802 1881 3874 eff
1905 3848 1919 3879 ‚
1944 3815 1998 3869 aus

608 3897 940 3998 compastiusrutini
960 3898 1074 3969 melius
1097 3890 1221 3959 etism
1246 3918 1356 3968 vocare
1381 3898 1498 3995 pollent
1523 3902 1789 3977 constitutionem.
1813 3920 1850 3971 ut
1874 3922 1999 3995 quam·

608 4001 683 4070 dam
711 3990 823 4067 ‘'tibi‘’
846 3998 977 4068 indicet.
1006 3998 1047 4067 Et
1071 3987 1196 4078 aium
1217 3992 1339 4061 obern
1363 4020 1478 4071 vocare
1507 4001 1662 4097 pollemus
1693 4000 1928 4076 conibentiam
1957 4000 2000 4093 ip·

609 4100 672 4166 fius
695 4094 873 4189 sanguinis,
899 4114 938 4165 ut
961 4100 1052 4183 cujus
1075 4116 1180 4195 partes
1205 4105 1361 4169 uniantur
1384 4103 1419 4168 de
1445 4097 1655 4174 coharearur
1689 4108 1847 4178 Ceterum
1876 4094 2001 4190 sangui·

421 4309 442 4349 Α,
463 4290 593 4371 μη
610 4202 660 4267 nis
683 4191 958 4364 tts'satntrpletrpiup¹
970 4196 1105 4364 cppfllsicat
1132 4198 1199 4268 aliis
1224 4198 1334 4273 locis,
1368 4198 1553 4365 plrrcfrpitidis
1575 4204 1608 4271 dt
1638 4198 1783 4318 febrium
1807 4202 1928 4370 docpdns
1939 4218 2003 4365 ἐξ·

425 4342 486 4433 ifr-
607 4317 985 4491 ffifflg'rebrfnn
1008 4314 1856 4493 eummdfrfrbbbtmgnpbtcfpriamrrtrcftibblfc&lenafbfftea
1883 4416 2001 4564 compo

634 4520 673 4574 e,
698 4501 772 4566 item
796 4486 942 4569 calfacit,
966 4498 999 4560 dc
1024 4486 1160 4565 fetosum
1185 4493 1278 4566 facit:
1299 4494 1374 4563 hinc
1398 4494 1500 4564 homo
1522 4493 1617 4570 febrit
1640 4505 1675 4569 dc
1700 4501 1838 4599 delipit.
1865 4498 1999 4568 Seruum

526 4670 529 4675 ,
605 4518 704 4665 ἔατε
729 4596 838 4663 Graec
862 4588 944 4659 diris
966 4583 1100 4669 iveti»,
1128 4593 1205 4663 idcll
1230 4639 1242 4672 ,
1268 4588 1453 4686 sanguinem
1488 4595 1585 4665 alium
1610 4622 1629 4669 a
1654 4594 1683 4671 se
1708 4598 1816 4673 faeere
1838 4646 1850 4679 ‚
1874 4604 1910 4671 dc
1936 4599 2000 4667 mia·

610 4700 699 4765 tione
723 4693 766 4763 rei
791 4690 919 4770 aliena,
942 4692 1189 4765 &alteratione
1214 4686 1277 4790 ipsa
1300 4688 1344 4762 ob
1367 4693 1502 4763 calorem
1529 4696 1696 4771 alienum.
1732 4700 1772 4769 id
1803 4696 1935 4773 brevius
1954 4716 1999 4764 rr·

424 4785 591 4906 ⁴frinm
609 4796 706 4894 plicat
729 4812 838 4887 quum
858 4791 904 4859 ait
927 4782 1045 4857 eaulbn
1063 4792 1155 4870 fieri,
1177 4792 1268 4885 quod
1286 4792 1409 4865 terrula
1425 4789 1567 4865 annun
1587 4790 1713 4867 biliofos
1735 4804 1771 4871 dr
1793 4818 1910 4872 tenues
1929 4796 1998 4865 icio

428 4866 443 4906 ³
499 4884 508 4903 ‘
542 4887 545 4893 ’
612 4914 661 4962 rts
688 4890 867 4963 attrahant.
894 4888 992 4957 febor
1013 4891 1098 4966 enim
1122 4890 1201 4961 dum
1232 4886 1377 4985 sanguini
1402 4888 1609 4963 confunditur
1639 4918 1714 4967 cum
1745 4900 1893 4981 alterat,
1918 4903 1996 4967 inno

607 4990 731 5061 alienat
752 4985 851 5085 faepe.
877 4983 1014 5080 Sanguis
1028 4990 1114 5059 enim
1138 4994 1173 5061 δι
1191 4986 1294 5061 strum
1316 4992 1373 5071 fit,
1399 4995 1432 5061 δι
1455 4986 1718 5081 ιἰηἰοῐιιε(Ειιι“ις
1736 5002 1832 5074 enim
1852 4992 1997 5072 conflen-

606 5095 651 5160 ιιι
672 5088 814 5160 medium
832 5082 916 5182 quid
934 5083 981 5158 eli
1005 5088 1088 5159 inter
1118 5081 1303 5184 sanguinem
1319 5093 1355 5161 dt
1375 5094 1436 5191 ptis
1451 5084 1572 5184 calb)
1598 5102 1843 5173 anaximenem
1860 5108 1894 5173 in
1910 5116 2000 5269 prpe

1888 5222 1912 5270 n
1934 5218 1966 5269 us
