4434 6000
439 660 564 730 cm
677 596 743 671 ιιι
903 554 1736 657 ιιιιιιιιιιιιιιιοιιιιιιιιιι,

439 731 486 789 hp,
496 752 524 808 3·
605 694 729 775 soret.
767 700 889 773 Contra
923 706 1036 772 nititur
1069 690 1214 769 Arabum
1251 689 1428 768 audonem
1457 696 1515 788 qui
1546 693 1722 765 exillimant
1764 705 1871 761 totum
1924 690 2010 761 eati·

612 799 685 873 dere
719 798 905 902 prolabique
939 796 1048 895 polle.
1079 799 1174 867 Aetio
1208 794 1337 866 Paullus
1370 788 1569 873 subscribit,
1593 796 1705 886 aitque
1727 834 1738 869 ‚
1760 790 1901 883 quidam
1931 814 2007 863 vero

611 917 712 971 totam
741 902 871 973 vulvam
897 892 1018 997 prolabi
1044 915 1160 992 putant
1187 938 1199 971 ,
1233 890 1284 965 sod
1310 894 1371 961 hoc
1404 887 1515 961 falsum
1549 890 1622 961 est.
1649 894 1726 985 Qa
1758 891 1843 959 enim
1875 892 2008 961 ratione

612 994 737 1068 sursum
764 998 835 1069 atta
860 998 1138 1091 quearaffirmarit
1160 991 1234 1061 Nos
1256 986 1576 1085 autemututrosque
1598 990 1823 1066 conciliemus,
1845 990 2008 1067 itaiorer·

614 1100 729 1192 pretari
754 1115 883 1195 oportet
908 1096 1108 1192 procidentiae
1134 1114 1252 1161 nomen
1275 1109 1315 1163 ur
1337 1107 1447 1161 uterus
1471 1090 1564 1186 plane
1584 1112 1648 1157 noo
1673 1088 1711 1157 fit
1735 1080 2011 1161 absolutassrtr·

463 1245 476 1277 0
489 1226 532 1278 Ἠ·
612 1198 767 1287 grimensis
791 1220 854 1263 non
878 1212 1066 1271 contentus,
1091 1184 1141 1259 sed
1168 1206 1275 1261 tamen
1299 1212 1403 1282 quum
1412 1210 1531 1281 magna
1542 1189 1651 1257 laxitas
1674 1185 1724 1259 est
1742 1189 1875 1257 omnino
1899 1190 2009 1261 invet-

463 1325 491 1357 m
522 1306 561 1359 ι’·
612 1296 703 1370 ιιιιιι,
724 1316 760 1362 ae
787 1294 808 1360 fi
834 1312 852 1357 a
880 1293 971 1362 nullo
1000 1314 1032 1361 re
1047 1289 1213 1387 penderet,
1230 1288 1420 1383 signumque
1445 1307 1571 1375 magna
1580 1282 1779 1357 resolutionis
1803 1284 2009 1381 laxitarisque

463 1385 502 1437 ⁸⁴⁵·
615 1389 762 1461 exstllir.
799 1396 907 1485 Atque
949 1393 1065 1489 opinor
1109 1390 1155 1456 ira
1199 1380 1321 1456 Arabes
1364 1385 1545 1477 intelligunt
1577 1409 1587 1453 ι
1634 1387 1735 1455 Greci
1776 1406 1854 1455 vero
1895 1408 2006 1481 quum

613 1486 791 1559 defendunt
831 1507 942 1558 totum
987 1507 1049 1557 non
1094 1485 1233 1555 excidere
1267 1532 1279 1563 ,
1313 1482 1344 1555 id
1389 1485 1585 1554 audiendum
1631 1502 1671 1553 ut
1717 1474 1864 1555 absoluta
1905 1482 2007 1584 perse·

614 1589 730 1681 &aque
754 1578 911 1657 exsolutio
936 1611 1000 1657 non
1027 1586 1095 1662 sn,
1120 1582 1246 1678 alioqui
1281 1605 1467 1676 numquam
1501 1600 1708 1679 exponeretur
1732 1583 2004 1679 firmamusque.

616 1690 661 1757 At
693 1704 765 1755 ante
798 1707 837 1755 err
876 1685 1070 1755 Rondeletio
1103 1682 1275 1753 docuimus
1306 1683 1447 1777 quodam
1488 1685 1522 1751 in
1564 1682 1685 1779 oppido
1720 1702 1891 1754 maumam
1936 1707 2004 1780 par·

615 1804 678 1853 tem
713 1785 859 1854 mulieres
894 1783 952 1855 ista
985 1784 1177 1880 procidentia
1205 1774 1369 1861 laborate,
1391 1803 1467 1875 qua
1489 1786 1598 1850 tameo
1620 1784 1804 1877 mrrcipirnt
1824 1824 1837 1859 s
1860 1780 2010 1855 uternm'

616 1906 681 1975 que
705 1903 821 1975 gerunt
842 1930 851 1949 .
884 1882 934 1953 sic
969 1881 1145 1977 aliquando
1177 1881 1325 1959 collum,
1351 1880 1532 1973 aliquando
1555 1875 1693 1950 fundum
1716 1883 1858 1952 excidit.
1885 1885 1994 1968 Quum

617 1983 737 2049 collum
762 1982 908 2059 excidit,
933 1981 1022 2071 velut
1048 1982 1139 2073 glans
1163 1986 1223 2052 viti
1258 1972 1373 2049 rubens
1398 1997 1531 2074 apparet
1544 2025 1561 2067 ,,
1585 2000 1661 2072 qua
1685 1973 1715 2046 se
1738 1982 1771 2050 in
1794 2002 1850 2051 ore
1897 1982 1992 2051 uden-

617 2081 650 2147 di
677 2073 795 2174 profert
817 2102 894 2149 cum
917 2074 976 2150 suo
1012 2074 1190 2161 foramine,
1213 2098 1315 2171 quum
1349 2074 1489 2147 sundum
1515 2100 1590 2148 reru
1623 2072 1837 2175 prolabitur,
1901 2076 1994 2152 soluta

622 2178 757 2250 inversio
781 2195 928 2275 apparet.
1035 2196 1039 2203 '

443 2308 607 2388 endum
671 2279 838 2363 Quoniam
870 2294 978 2349 autem
1010 2280 1118 2372 magni
1150 2270 1244 2347 refert
1271 2297 1313 2346 an
1348 2274 1386 2346 sit
1411 2264 1583 2355 ¹descensus
1617 2320 1629 2356 ,
1675 2299 1718 2347 an
1755 2278 1945 2377 procidentia
1976 2318 1989 2353 2

449 2397 521 2454 „mr
544 2377 712 2473 inpquod
744 2370 900 2447 descensus
934 2379 1115 2447 aminimis
1146 2376 1246 2449 caufis
1279 2376 1356 2455 liat,
1379 2378 1414 2443 δι
1448 2369 1527 2471 sapc
1557 2367 1693 2446 libidinis
1716 2378 1876 2475 impeturn
1900 2375 1989 2470 ipsius

446 2474 608 2551 prestarent
621 2478 703 2543 uteri
734 2470 981 2568 consequatur,
1012 2480 1048 2547 dc
1071 2473 1157 2547 assio
1186 2474 1335 2570 quaedam
1368 2472 1407 2542 lit
1431 2479 1467 2544 8ι
1498 2467 1687 2552 rumpam
1718 2476 1844 2572 aliquid
1865 2472 1988 2549 habor,

450 2558 496 2612 ἰ
507 2574 581 2611 onem
620 2573 817 2669 procidentia
841 2591 947 2643 autem
974 2573 1071 2669 pallio
1095 2576 1243 2669 quadam
1267 2573 1307 2657 lit
1327 2568 1433 2643 causan
1456 2573 1654 2645 vehementes
1678 2570 1821 2655 saerata,
1854 2592 1912 2647 aot
1934 2594 1999 2642 ma·

448 2634 585 2783 {5:522
619 2692 716 2761 gnam
741 2666 960 2742 resolutionem
987 2677 1104 2770 partis,
1127 2676 1263 2747 autrim
1286 2666 1330 2743 ab
1345 2667 1509 2741 obstetrice
1530 2672 1655 2745 illatam
1679 2693 1740 2747 aut
1760 2679 1916 2768 quoniam
1926 2692 1998 2741 cum

446 2794 471 2853 n·
491 2768 759 2873 mamnidenta
785 2764 1022 2843 secundinarum
1048 2772 1237 2844 extratiiooe
1258 2770 1395 2841 edusius
1417 2768 1606 2866 quoqueest
1628 2769 1715 2872 ιρι,
1735 2772 1815 2843 dnm
1837 2769 2001 2843 instituen-

448 2873 552 2958 ὁρμάς,
620 2868 671 2938 da·
701 2876 874 2941 curationis
907 2873 1006 2940 initur
1037 2873 1232 2949 eonsilium,
1257 2870 1430 2941 videndum
1461 2874 1602 2967 primum
1631 2896 1675 2944 an
1709 2871 1752 2943 ad
1776 2871 1998 2970 procidentiam

450 2958 592 3056 Descfnsur
619 2962 718 3065 ipsam
743 2964 834 3042 satiat
858 2971 1109 3067 quadamipfius
1133 2977 1215 3043 uteri
1239 2962 1309 3048 ⁵stul
1323 2963 1351 3047 ’a'
1367 2957 1458 3046 insa
1477 2963 1504 3046 θ’
1520 2965 1636 3054 irim,
1658 2994 1700 3045 an
1722 2992 1801 3045 veru
1823 2970 1996 3066 aliquaalia

453 3060 573 3180 23ζῷ
622 3071 743 3182 ratione
774 3073 941 3182 contigerit
961 3117 970 3138 .
994 3071 1210 3167 Quamquam
1233 3073 1317 3142 enim
1353 3075 1455 3170 prima
1483 3072 1575 3166 quast
1611 3072 1716 3186 florae
1747 3075 1925 3186 communis
1949 3092 2001 3138 eu·

450 3165 714 3357 ἕιῖιξιιιιιιὲἳιιιιι
737 3187 836 3334 θῐιιῃιιι
862 3164 1078 3335 ἓξιῑέἦιιῗη,
1100 3189 1413 3367 ι’ἓιηὲὲιῦὲῗυξιηζ
1447 3168 1602 3364 ξιιοοῗισῖιι
1613 3168 1874 3348 κιςείέἓὲιξηιιῖτ
1893 3186 2000 3362 ,Ειιιῗιῗ

406 3403 419 3418 -
457 3359 588 3418 contidis
605 3366 766 3430 ·rieorum
791 3385 908 3441 more,
934 3360 985 3432 sed
1011 3365 1264 3438 methodicorum
1290 3374 1399 3465 potius
1422 3389 1505 3438 tetta
1538 3378 1659 3443 ratione
1692 3373 1736 3438 rei
1760 3363 1917 3438 cosulittrt
1937 3409 1949 3442 ι
1969 3381 2002 3432 ιιι

620 3455 698 3529 sunt
720 3457 819 3532 cause
844 3458 970 3533 diversa:
995 3457 1164 3560 morbique
1188 3473 1283 3539 unius
1306 3462 1550 3547 directanee,
1574 3475 1618 3541 ita
1641 3472 1729 3544 varia
1752 3461 1868 3538 debent
1890 3462 2005 3534 essem·

623 3559 800 3630 mediorum
827 3583 940 3654 genera
965 3563 1004 3631 ad
1030 3585 1135 3632 unum
1161 3568 1257 3635 finem
1271 3559 1504 3659 speciantium.
1529 3569 1562 3637 Si
1586 3572 1699 3662 itaque
1722 3587 1796 3638 vere
1839 3563 2004 3634 totidem

621 3656 665 3726 eli
686 3701 698 3734 ,
722 3683 787 3728 non
812 3677 922 3728 autem
958 3655 1149 3740 descensus,
1173 3665 1370 3757 inquirenda
1384 3660 1466 3744 ,sunt
1489 3660 1618 3738 causae.
1643 3669 1676 3737 st
1700 3659 1786 3735 dcsoe
1823 3685 1860 3734 us
1884 3663 2004 3760 proptr

622 3755 728 3826 didus
751 3752 796 3824 ob
821 3775 947 3828 motum
974 3759 1070 3855 ipsius
1092 3763 1177 3832 uteri
1200 3785 1270 3855 quo
1295 3765 1499 3857 provolvitur
1522 3769 1555 3835 in
1581 3765 1798 3863 pudendum,
1821 3767 1860 3832 dr
1883 3758 1931 3832 ab
1953 3755 2007 3828 ols-

623 3853 741 3926 lletrice
765 3850 879 3928 obvius
903 3858 1171 3953 deprehenditur,
1196 3867 1232 3931 &
1254 3855 1449 3933 laboranssr
1483 3865 1568 3936 tedia
1592 3862 1729 3940 ιιιιιιιι,
1754 3856 1880 3930 l'ensum
1916 3853 2008 3930 habet

622 3955 768 4048 ponderis
809 3949 971 4042 cujusdam
1017 3953 1229 4030 incumbentis
1274 3967 1309 4030 in
1344 3963 1527 4060 pudendum
1556 4009 1570 4043 ,
1614 3964 1658 4033 lin
1704 3954 1813 4029 merit
1857 3951 2011 4052 supinate

620 4057 780 4137 jacuerit,
805 4072 862 4122 aut
887 4053 996 4125 alvum
1020 4061 1226 4135 exonerarit,
1247 4053 1359 4131 sentiet
1388 4061 1480 4155 quali
1513 4061 1652 4160 pondere
1674 4054 1799 4132 redum
1823 4055 2011 4126 intestinum

509 4169 513 4180 ·
623 4153 742 4244 premi:
768 4149 811 4218 lin
837 4173 961 4248 prona,
985 4154 1160 4228 difficultas
1182 4160 1283 4230 urina
1307 4159 1409 4230 aderit
1418 4206 1430 4239 ,
1453 4177 1495 4231 ut
1510 4163 1607 4232 eriam
1633 4163 1694 4234 viri
1717 4153 1912 4250 wogtelsum
1939 4177 2012 4248 pet·

619 4243 779 4324 timescat,
803 4271 838 4319 ac
863 4267 934 4320 rum
961 4253 1001 4320 ad
1027 4277 1064 4322 ea
1088 4257 1226 4327 remedia
1251 4260 1451 4329 ueniundum
1474 4263 1617 4356 eritque
1635 4267 1678 4333 in.
1696 4253 1845 4348 nysseno
1867 4253 2013 4324 affectio

620 4367 660 4413 ne
693 4348 846 4442 explicata
879 4344 953 4419 sunt
969 4395 980 4428 ,
1006 4352 1060 4420 nili
1093 4356 1184 4448 quod
1209 4351 1446 4440 taanenu-po
1479 4354 1663 4458 usurpanda
1697 4355 1800 4430 sunt.
1824 4351 1915 4422 Nam
1942 4375 2014 4446 que

623 4440 755 4515 natibus
778 4447 988 4520 admoventur
1022 4446 1220 4526 insmvirarc
1243 4460 1350 4530 odoris
1378 4479 1511 4531 uterum
1535 4453 1716 4555 fugantia,
1740 4475 1778 4526 ea
1804 4453 1884 4526 tnui
1907 4452 2013 4548 pudo

622 4547 664 4612 ris
695 4540 845 4616 suffienda
879 4566 974 4618 crunt
1011 4573 1020 4616 a
1049 4555 1082 4618 in
1115 4551 1369 4631 suaveolentibus
1400 4560 1510 4629 eodem
1545 4561 1645 4630 modo
1679 4553 1709 4627 se
1742 4573 1851 4650 gerere
1884 4571 2016 4648 oporte·

625 4637 706 4757 bit.
741 4647 788 4715 Ar
818 4669 923 4810 qpum
956 4645 1119 4765 prolapsus
1152 4652 1196 4725 eli
1229 4675 1342 4729 uterus
1372 4656 1549 4751 ligamentis
1579 4649 1732 4733 solutis,
1764 4649 1945 4726 videndum
1974 4671 2015 4720 ²¹¹

457 4743 2016 4950 atintinantmaritatastaalttmuttnmira

503 4955 508 4960 ·
621 4965 729 5034 quum
746 4944 828 5056 idern
845 4937 980 5012 serraliis
1001 4943 1094 5041 pollit
1116 4957 1301 5046 contingere
1314 4957 1406 5050 quod
1425 4960 1457 5026 in
1478 4955 1550 5031 aliis
1567 4957 1629 5026 oali
1715 4949 1922 5032 obsecratum
1940 4945 2018 5017 eit.

622 5041 746 5112 Narrat
773 5065 857 5114 cmm
875 5043 1029 5158 ¹Galenus
1058 5046 1214 5146 pleris‹1ue
1246 5049 1469 5129 restitutionem
1503 5049 1691 5154 spitiofflris
1725 5047 1866 5125 musculi
1891 5049 1947 5216 qli
1986 5049 2023 5119 dt

1862 5169 1900 5222 Vt
1923 5169 1972 5216 cae
