4434 6000
670 551 738 610 isi
878 488 1762 614 utitiistiiiiiiiiiottii¹

607 687 758 750 maneat,
789 666 860 740 satis
883 671 975 740 docet
997 665 1166 760 quomodo
1189 683 1260 762 pars
1286 661 1438 744 ‚humoris
1460 659 1660 732 aceeslioiiciii
1684 653 1854 738 satiebat..
1888 659 2003 733 deinde

613 771 680 839 alia
704 791 775 865 pars
798 767 920 840 fausta
946 769 1001 838 lit.

667 871 854 940 Extremum
880 867 960 938 illud
984 862 1028 935 cll
1051 883 1123 956 quo
1146 859 1303 931 Fernelius
1327 851 1417 930 suam
1453 875 1583 930 tutatur
1613 850 1824 926 sententiam:
1847 862 1904 928 cui
1931 859 2006 928 vul·

614 987 677 1035 nus
702 962 835 1039 salutare
858 966 925 1046 esi,
949 969 994 1038 ait
1007 1008 1018 1042 ‚
1043 983 1102 1058 pus
1127 953 1289 1030 laudabile
1310 959 1376 1029 eli.
1402 958 1436 1026 Si
1460 955 1555 1030 sebris
1572 950 1751 1048 supervenit
1766 961 1863 1028 etiam
1913 961 2009 1029 rima·

616 1068 682 1145 ria,
708 1088 767 1163 pus
792 1067 960 1164 pervertit,
984 1054 1166 1152 vulnusque
1189 1059 1314 1130 siccat.-
1338 1057 1433 1130 Tuirt
1455 1063 1542 1130 enim
1565 1055 1652 1127 calor
1683 1056 1838 1126 naturalis
1977 1077 2010 1138 t,

616 1185 672 1233 titt
698 1159 795 1262 probe
818 1166 954 1235 coctioni
978 1152 1160 1230 incumbit.

668 1263 817 1333 Praetetca
841 1270 873 1334 in
898 1253 1039 1331 febribus
1062 1258 1166 1351 longis
1189 1257 1276 1326 calor
1297 1253 1458 1352 oppressus
1488 1247 1577 1326 cibos
1600 1275 1667 1322 noti
1689 1258 1832 1344 coquit,
1867 1258 1906 1326 ει
1931 1257 2010 1328 nul.

614 1357 684 1429 lum
712 1363 782 1432 ideo
808 1366 840 1430 in
864 1365 962 1432 urinis
985 1357 1135 1428 codiionis
1159 1357 1285 1449 signum
1306 1349 1452 1425 exhibet.
1485 1357 1532 1424 Ex
1563 1354 1615 1426 his
1647 1351 1777 1423 conficit
1804 1348 1910 1426 solam
1935 1359 2013 1428 affe·

614 1453 751 1532 &ionem
775 1461 887 1531 caloris
912 1458 1061 1530 naturalis
1083 1478 1103 1525 a
1126 1455 1229 1524 calore
1251 1475 1362 1526 contra
1386 1473 1535 1524 naturam
1567 1446 1693 1524 cauum
1724 1449 1783 1522 esse
1814 1475 1879 1525 eur
1903 1454 2010 1552 hypo-

615 1552 699 1626 siris
723 1563 756 1629 in
781 1565 873 1630 urina
897 1583 964 1628 iton
989 1559 1047 1634 fit,
1075 1574 1246 1648 tamquam
1269 1553 1422 1626 coctionis
1446 1553 1592 1648 sigium.
1616 1551 1743 1622 Contra
1773 1574 1882 1646 quum
1907 1560 2008 1628 vincit

615 1657 701 1725 salut
725 1661 880 1729 naturalis
901 1679 971 1733 eam
998 1654 1114 1732 adesse,
1139 1657 1225 1723 unde
1248 1653 1272 1721 ti
1295 1658 1329 1722 in
1353 1661 1464 1745 vigore
1488 1644 1679 1722 morborum
1705 1650 1877 1746 hypoliafis
1901 1653 2006 1740 adest,

613 1753 648 1820 id
674 1761 780 1850 arguit
804 1751 957 1842 naturam
982 1748 1173 1852 superiorem
1197 1758 1261 1837 jam
1283 1753 1412 1847 aggredi
1447 1751 1623 1822 todimiem
1658 1769 1725 1820 troii
1749 1751 1900 1824 humoris
1924 1777 2008 1826 mot·

615 1846 724 1932 bifici,
749 1853 799 1925 scd
825 1852 985 1932 alimenti,
1009 1860 1043 1919 δι
1070 1857 1115 1921 ita
1139 1855 1242 1949 prima
1265 1846 1322 1922 sua
1347 1853 1455 1921 munia
1485 1845 1600 1922 obite.
1632 1845 1751 1920 cottio
1781 1855 1865 1922 enim
1903 1849 2005 1924 morbi

613 1949 703 2020 dista
727 1951 771 2021 cll
796 1957 883 2049 prius
906 1946 1081 2050 putredinis
1104 1969 1232 2020 tantum
1257 1949 1402 2047 teprtlllo
1424 1949 1604 2042 quadam.
1639 1953 1690 2022 Ac
1724 1952 1866 2045 primum
1891 1949 2006 2024 falsum

614 2047 659 2116 esi
707 2071 743 2120 us
766 2056 926 2148 corrumpi
951 2050 986 2118 dc
1012 2049 1177 2144 depravari
1211 2044 1297 2118 sebre
1335 2043 1599 2145 superveniente.
1630 2053 1767 2142 Quoties
1788 2055 1875 2122 enim
1915 2049 2006 2124 febris

615 2073 706 2216 ades
726 2154 760 2218 &
784 2147 969 2228 essentialis,
994 2152 1029 2217 dc
1054 2141 1315 2245 symptomatica,
1338 2170 1442 2241 quum
1466 2165 1576 2219 tamen
1624 2170 1662 2220 us
1693 2143 1854 2220 laudabile
1877 2149 1945 2222 firi
1976 2153 2007 2222 Si

616 2246 679 2314 lioc
704 2269 815 2319 verum
840 2248 914 2320 elles
935 2252 967 2316 in
992 2246 1085 2316 nulla
1109 2247 1297 2342 pleuritide,
1320 2251 1352 2318 in
1377 2246 1470 2317 nullo
1493 2240 1558 2316 abs
1606 2270 1629 2317 u
1652 2247 1826 2335 minnan
1855 2271 1928 2318 com
1953 2246 2001 2318 se·

616 2337 691 2426 bre,
716 2366 775 2418 aut
799 2351 832 2416 in
856 2349 987 2422 vulnere
1011 2367 1071 2444 prs
1094 2346 1165 2415 esset
1185 2341 1359 2417 laudabile.
1384 2348 1460 2414 Hoc
1475 2365 1622 2416 autema
1643 2350 1762 2418 tatione
1785 2348 1922 2418 dienum
1939 2347 2006 2418 esi:

615 2465 723 2536 quum
749 2446 938 2541 phlegmone
962 2442 1046 2516 adest
1070 2449 1105 2515 δι
1128 2445 1243 2524 dolor,
1266 2451 1301 2516 δι
1325 2445 1423 2516 tensio
1446 2437 1589 2524 summa,
1615 2445 1776 2540 numquid
1794 2441 1887 2516 febris
1901 2445 2006 2518 adesit

618 2545 721 2610 immo
744 2549 778 2610 in
804 2563 892 2642 parte
916 2567 1009 2616 vetus
1032 2537 1128 2612 febris
1152 2539 1240 2613 sociis
1262 2543 1306 2613 esi
1327 2566 1337 2610 s
1361 2548 1397 2613 dt
1420 2561 1528 2614 tamen
1552 2567 1619 2614 non
1643 2568 1718 2616 tato
1738 2545 1833 2616 laude
1866 2546 2009 2640 dignum

609 2637 664 2708 est
689 2660 768 2736 pus.
795 2643 906 2713 Fateor
928 2642 1060 2738 quidem
1084 2638 1200 2712 febrem
1227 2644 1311 2739 posse
1335 2663 1509 2740 pervertere
1533 2643 1674 2715 vulneris
1701 2645 1878 2719 maniam,
1905 2667 1949 2714 tie
1977 2647 2010 2710 in

452 2718 681 2854 comm-'dvm
705 2759 911 2814 convertatur
933 2734 1109 2813 laudabile.
1135 2745 1183 2811 At
1207 2745 1239 2812 id
1263 2743 1324 2812 alia
1350 2743 1445 2836 longe
1468 2743 1590 2813 ratione
1615 2742 1677 2811 fit:
1703 2739 1723 2808 fi
1757 2743 1840 2810 enim
1864 2735 2012 2812 facultas

449 2813 764 3008 ³³i³l·'''1;¹.lii‘li
786 2839 1060 3013 iiiii-‘iii
1076 2841 1220 3011 tili
1234 2835 1711 3038 tritissimis
1726 2839 2011 3035 m

618 3031 714 3107 sanies
737 3056 795 3109 aut
820 3041 933 3111 fictitas
957 3035 1125 3111 absoluta.
1151 3041 1163 3125 (
1189 3040 1268 3111 ilaec
1292 3060 1398 3110 autem
1423 3064 1489 3109 non
1512 3041 1725 3109 consideratur
1749 3060 1788 3111 ert
1805 3034 1928 3107 desedu
1955 3062 2002 3107 ei-

606 3156 872 3220 ·erementorum‚
899 3136 947 3210 sed
974 3140 1101 3211 humidi
1125 3139 1313 3223 naturalis)
1347 3139 1439 3232 quod
1463 3134 1586 3208 caulam
1621 3157 1735 3235 prater
1761 3156 1911 3208 riatumm
1936 3160 2009 3207 om·

453 3278 591 3341 „mh
620 3237 699 3301 irino
723 3236 881 3308 dominari
909 3236 1085 3331 significat.
1124 3240 1162 3307 ld
1185 3258 1319 3333 quoque
1341 3243 1433 3327 juvat
1489 3260 1565 3308 rava
1589 3242 1688 3333 partis
1714 3230 1896 3331 dispositio,
1921 3236 2006 3305 unde

453 3346 593 3427 inpigri.
621 3332 816 3409 omiserim
842 3354 943 3404 metus
968 3337 1068 3406 adesse
1091 3331 1196 3406 solet.
1232 3338 1423 3429 Utrumque
1458 3263 1596 3433 gippoc.
1629 3337 1692 3405 lroc
1719 3336 1846 3431 Aplior.
1871 3356 2011 3430 compre·

530 3455 531 3463 ¹
615 3429 762 3501 itendit:
790 3431 880 3503 ulcus
906 3433 965 3503 live
989 3454 1079 3504 antea
1103 3434 1235 3513 exsistit,
1259 3436 1322 3506 sive
1346 3428 1462 3503 morbo
1486 3431 1713 3530 supervenerit,
1738 3428 1919 3523 cuiusmodi
1942 3434 2005 3510 fir,

603 3548 762 3600 'accurate
786 3527 1018 3627 perdiscendum
1043 3531 1114 3603 est.
1152 3532 1242 3604 Nam
1275 3533 1298 3601 fi
1332 3554 1419 3627 agro
1443 3535 1481 3603 fit
1505 3534 1745 3609 monendum.
1770 3550 1847 3610 aute
1870 3550 2008 3601 mortem

602 3629 752 3701 'lividum
776 3630 960 3724 siccumque
982 3636 1069 3701 erit.
1105 3634 1209 3703 Eteri
1241 3632 1303 3701 bue
1326 3634 1398 3702 loco
1430 3629 1513 3704 sorte
1544 3634 1701 3705 Fetnelius
1736 3626 1827 3703 surim
1853 3636 2010 3703 rartoseu

615 3723 790 3801 desumtit.
824 3731 881 3801 Ait
907 3732 1114 3827 Hippocrates
1146 3754 1212 3800 non
1236 3726 1486 3809 irretirent,
1512 3737 1567 3801 cui
1591 3734 1684 3804 ulcus
1708 3726 1886 3827 supervenit
1903 3778 1918 3808 ,
1955 3745 2013 3800 aut

615 3830 650 3896 in
676 3850 743 3920 qua
768 3826 860 3899 simul
886 3826 1019 3908 exsiliit,
1043 3824 1167 3901 causam
1192 3827 1248 3899 esse
1271 3831 1379 3901 livoris
1413 3834 1449 3899 dt
1483 3830 1649 3907 scutimus,
1672 3824 1721 3900 sed
1751 3832 1812 3899 lioc
1836 3829 1913 3899 vult
1938 3872 1954 3903 2
1993 3826 2018 3893 sl

613 3932 795 4015 moriturus
818 3924 862 3996 est
886 3951 990 4023 ager,
1015 3929 1097 4003 livor
1122 3934 1157 3997 δι
1181 3929 1295 3998 ficcitas
1317 3928 1423 4002 adest.
1442 3946 1485 3997 ut
1507 3950 1547 3999 eii
1572 3931 1621 4001 liis
1644 3923 1833 4026 pressgiendi
1856 3925 1907 3994 de
1937 3947 2021 4020 pro-

615 4028 702 4094 xima
727 4042 829 4095 morte
852 4028 1043 4096 oceafioncm
1068 4022 1205 4096 sumas:
1233 4030 1330 4099 Livor
1362 4031 1446 4102 enim
1481 4026 1567 4097 adest
1600 4023 1647 4099 ob
1683 4022 1841 4119 sauguinis
1868 4027 2020 4117 qualita-

588 4124 682 4191 ·¹tem
708 4120 886 4219 pellimam,
911 4140 970 4194 aut
994 4119 1074 4195 succi
1099 4122 1217 4194 alibilis
1239 4125 1518 4221 depravationem.
1543 4125 1591 4193 At
1613 4125 1730 4197 siccitas
1753 4146 1819 4195 nou
1841 4130 2019 4199 vacuitate

612 4222 885 4293 excrementorum
911 4224 1064 4295 metienda
1086 4221 1158 4302 eii,
1191 4220 1242 4293 sed
1276 4220 1337 4293 ob'
1353 4227 1494 4297 alimenti
1514 4226 1660 4320 inopiam
1697 4222 1782 4298 adesi
1807 4245 1818 4291 t
1845 4224 1886 4293 ld
1908 4216 2020 4315 ipsum

617 4320 706 4409 affert
731 4322 827 4417 partis
850 4314 1075 4404 imbecillitas,
1100 4326 1136 4394 dc
1158 4322 1268 4393 caloris
1292 4329 1392 4399 nativi
1417 4340 1586 4421 paupertas
1601 4361 1618 4391 .·
1645 4323 1744 4395 Calor
1775 4329 1869 4397 erum
1904 4341 2020 4391 contra

616 4440 766 4491 naturam
791 4427 937 4493 nativum
963 4418 1157 4518 superavit:
1194 4423 1283 4493 Talis
1306 4444 1404 4519 porro
1436 4424 1550 4493 siccitas
1574 4416 1662 4493 tabes
1693 4418 1931 4517 quamsit
1955 4442 2020 4520 pai·

617 4520 674 4584 tis.
701 4522 815 4614 ltaque
841 4520 1050 4619 Hippocrates
1075 4544 1141 4592 nori
1165 4518 1274 4601 diiii,
1303 4522 1327 4590 fi
1361 4524 1453 4595 ulcus
1476 4522 1590 4591 siccum
1617 4522 1683 4601 fit,
1714 4542 1803 4614 ager
1846 4532 2018 4600 moritur:

602 4610 689 4693 ''seds
714 4618 736 4684 si
760 4638 840 4711 ager
863 4626 1039 4691 moriturus
1062 4619 1106 4689 esi
1138 4618 1152 4705 s
1175 4621 1329 4713 quocica
1353 4624 1425 4693 aliis
1447 4643 1583 4717 quoque
1616 4620 1711 4715 figitis
1735 4623 1862 4718 colligi
1889 4620 2016 4721 potcll)

596 4728 689 4797 'ante
714 4716 848 4786 mortem
873 4720 937 4790 tale
963 4714 1338 4813 inultus.1’rssagiet
1360 4726 1445 4792 tisim
1469 4738 1542 4791 ante
1565 4721 1772 4797 mottemsfi
1801 4745 1849 4797 ea
1874 4724 2015 4796 advtnlrt

596 4808 746 4897 'debeam
772 4814 917 4889 siccatum
943 4821 981 4888 irl
1007 4818 1127 4897 ulcus,
1153 4821 1188 4888 δι
1210 4820 1350 4889 colorem
1375 4820 1539 4897 lividum,
1575 4834 1635 4889 aut
1668 4819 1881 4900 dmmioreia
1906 4816 2017 4895 babitu·

597 4908 709 4982 lum.
727 4916 776 4985 'Et
799 4936 840 5004 ut
863 4919 989 4990 tandem
1016 4940 1082 4986 rem
1102 4917 1278 4997 ¹liniamus,
1296 4917 1438 4992 dicimus
1460 4933 1533 4989 aruc
1556 4940 1671 4989 verum
1696 4940 1759 5014 pus
1790 4946 1822 4998 a
1847 4922 1957 5003 ualuit
1973 4942 2014 4989 ni·

599 5002 712 5081 'rurali
726 5016 873 5085 intendi.
900 5016 934 5085 Si
959 5004 1076 5087 febrilis
1098 5014 1185 5095 ualet
1208 5018 1422 5099 domitiam,
1454 5038 1530 5111 quis
1552 5010 1682 5090 dubitat
1702 5060 1715 5097 ³
1737 5030 1940 5115 quominus
1956 5044 2015 5089 oui

1923 5140 1973 5189 nia
