4434 6000
648 598 718 674 ιω,
857 599 861 604 -
982 589 1072 658 au
1147 584 1599 660 uterorum.

598 723 768 816 placeant,
784 719 882 794 facilis
906 744 926 793 a
949 724 1081 794 veritate
1104 717 1149 788 eil
1171 716 1337 790 deflexus.
1369 721 1523 798 Contra,
1546 739 1677 818 equum
1701 713 1839 804 jadicem
1866 719 1982 816 impla·

595 843 667 894 rare
698 820 828 938 potest,
861 823 921 916 qui
956 843 978 889 a
1011 816 1111 889 senil
1135 817 1271 886 humani
1304 817 1443 888 alienum
1478 836 1574 915 putat
1603 867 1612 888 .
1640 815 1712 887 Nifi
1747 819 1770 886 li
1802 839 1904 910 quem
1930 813 1981 889 sua

594 929 732 995 ma
755 914 963 990 transversum
988 934 1086 1012 agat,
1111 934 1151 986 ιιι
1173 937 1275 986 errare
1299 911 1328 987 se
1352 939 1417 986 non
1437 916 1519 1012 polle
1543 917 1663 987 credat.
1691 919 1734 985 Et
1753 910 1867 986 arbitri
1889 923 1981 987 etiarn

597 1017 760 1088 honorarii
784 1036 889 1114 partes
913 1021 1000 1112 agit,
1023 1019 1081 1112 qui
1104 1015 1241 1086 candido
1264 1017 1375 1085 animo
1398 1014 1499 1086 aliena
1524 1012 1636 1113 scripta
1652 1014 1805 1096 aeilimat,
1831 1033 1871 1085 ut
1894 1039 1932 1087 ne
1950 1017 1982 1087 fit

595 1116 630 1182 iu
654 1117 759 1188 alieno
781 1139 875 1212 opere
899 1119 1034 1186 nimium
1058 1106 1255 1208 ingeniosus.
1281 1115 1352 1186 Nec
1376 1113 1599 1210 plaeeteorutu
1624 1109 1751 1184 censura
1774 1117 1833 1208 qui
1857 1118 1890 1182 in
1906 1139 1980 1212 prae·

595 1207 663 1282 seru
686 1217 726 1286 de
748 1210 844 1284 rebus
866 1217 1021 1304 judicium
1044 1218 1271 1312 importunum
1283 1212 1431 1294 vultum,
1455 1237 1519 1282 uon
1544 1216 1719 1306 ingenuum
1743 1217 1903 1293 afferunt,
1927 1237 1979 1286 te·

596 1334 655 1382 rus
676 1313 843 1386 aestimator
867 1319 1018 1385 rationem
1044 1318 1079 1384 dt
1102 1313 1278 1400 judicium,
1302 1335 1370 1380 non
1395 1333 1490 1404 rugas
1514 1314 1546 1377 dt
1573 1309 1778 1408 supercilium
1803 1316 1908 1382 aliette
1930 1314 1983 1384 de·

599 1405 681 1482 bct:
704 1417 883 1505 ingenuum
908 1413 1070 1482 hominem
1094 1413 1287 1504 quaerimus,
1310 1435 1376 1478 non
1399 1405 1563 1479 ambitiose
1586 1410 1737 1487 tristem,
1761 1433 1828 1482 nun
1852 1411 1983 1491 Ιιιιιι,

596 1533 662 1580 non
686 1511 806 1607 puerile
826 1510 1138 1582 terriculamentum:
1163 1508 1330 1602 Siquidem
1354 1515 1476 1578 tatione
1498 1533 1561 1576 nou
1579 1503 1745 1606 supercilio
1767 1532 1815 1580 res
1831 1508 1982 1581 estiman-

597 1627 669 1680 tur.
693 1613 731 1679 in
756 1611 861 1681 alieno
883 1631 998 1706 opere,
1022 1610 1045 1677 fi
1070 1609 1170 1687 alias,
1192 1608 1314 1677 candor
1337 1605 1383 1676 est
1405 1601 1624 1685 adhibendus,
1648 1625 1687 1679 ut
1711 1613 1816 1680 omnis
1827 1615 1984 1707 opprima·

598 1722 655 1776 tut
679 1711 829 1784 invidia,
860 1729 966 1801 quum
991 1731 1058 1777 nou
1082 1701 1256 1778 verborum
1288 1701 1486 1784 acerbitate,
1520 1701 1572 1775 sed
1605 1713 1768 1779 rationum
1804 1713 1836 1781 vi
1861 1711 1983 1779 lenitate

598 1808 741 1899 quadam
767 1825 940 1904 temperata
964 1808 998 1876 in
1022 1827 1142 1878 «tures
1165 1809 1374 1900 inquitatur.
1412 1804 1445 1874 Si
1469 1826 1540 1898 qua·
1559 1808 1717 1877 immerito
1740 1801 1888 1878 nascatur
1911 1811 1980 1879 inri-

600 1905 674 1984 du,
697 1929 735 1979 ea
757 1907 881 1978 bomini
904 1906 944 1974 de
969 1905 1108 1976 utilitate
1141 1901 1272 2002 publica
1305 1899 1467 1974 laboranti
1497 1927 1563 1972 nou
1596 1903 1641 1974 eil
1666 1905 1838 1977 timenda:
1873 1907 1978 1980 invidit

599 2007 684 2072 enim
709 2009 827 2077 virtute
850 2023 942 2101 parta
965 2003 1066 2096 gloria
1134 2009 1200 2074 tius
1223 1997 1373 2074 censenda
1395 1999 1457 2072 eil.
1483 2004 1578 2075 Hauc
1602 2005 1737 2097 gloriam
1763 2004 1893 2104 Apelles
1915 2030 1976 2103 pto-

599 2103 701 2198 postta
724 2097 837 2174 tabula
860 2097 996 2198 sepone
1019 2028 1168 2196 congrui
1192 2107 1339 2201 putavit.
1366 2101 1514 2172 Sutoretu
1541 2108 1700 2200 pupugit,
1723 2127 1790 2174 uon
1815 2107 1906 2200 quod
1931 2128 1976 2202 pe·

598 2203 735 2275 ritotum
759 2203 913 2290 judicium
939 2196 1179 2280 rtbrmidatet,
1203 2197 1254 2273 sed
1278 2219 1319 2272 ut
1340 2203 1480 2271 bominis
1503 2203 1646 2296 vulgaris
1681 2203 1912 2301 impudentiam
1933 2227 1977 2272 cu-

596 2319 733 2371 etcctet.
760 2304 832 2389 Qui
856 2300 1024 2381 emendat,
1049 2301 1174 2372 nullam
1200 2296 1343 2397 scriptori
1367 2297 1441 2370 facit
1464 2306 1632 2390 injuriam,
1658 2305 1757 2373 immo
1783 2305 1976 2398 providetnc

594 2400 674 2468 fiat.
699 2404 870 2494 Euergetis
893 2401 1006 2472 veritas
1028 2395 1096 2468 falsi
1121 2401 1236 2470 radices
1260 2400 1367 2476 elidit,
1394 2423 1450 2470 nec
1468 2400 1537 2470 ιιιιιι
1561 2423 1596 2470 ea
1613 2403 1736 2471 diutius
1757 2406 1894 2472 eminete
1912 2425 1975 2496 que

593 2493 661 2566 falfi
685 2498 815 2592 aliquid
841 2516 1085 2595 praetermunt.
1118 2501 1150 2568 si
1177 2501 1320 2568 Fereelii
1352 2502 1485 2568 omniuo
1518 2495 1630 2597 scripta
1664 2525 1728 2570 uon
1760 2502 1916 2596 placent,
1940 2507 1972 2568 in

592 2617 664 2686 quo
687 2602 821 2668 maxime
844 2592 889 2666 ab
913 2599 1132 2692 Hippocrate,
1155 2615 1194 2666 ut
1218 2620 1238 2666 a
1258 2591 1355 2693 ¹scopo
1376 2591 1522 2670 aberrata
1549 2623 1612 2666 non
1632 2617 1736 2669 tamen
1755 2595 1863 2670 debita
1890 2597 1979 2670 laude

592 2689 781 2766 fraudatur.
809 2696 888 2766 Non
914 2696 1002 2764 hunc
1025 2695 1171 2764 dolorem
1196 2691 1354 2766 cineribus
1379 2695 1566 2766 Fetntliauis
1589 2704 1687 2767 iuuco
1705 2745 1715 2777 ,
1736 2719 1789 2764 nce
1812 2719 1890 2764 eum
1917 2699 1980 2766 lat·

596 2797 646 2864 uis
666 2795 794 2867 luston.
820 2795 924 2887 Qtnd
950 2793 1090 2862 Platonis
1114 2787 1228 2891 scripta
1252 2800 1286 2865 in
1311 2791 1464 2866 omuibus
1490 2794 1649 2866 Aristoteli
1668 2808 1746 2866 'nou
1770 2795 1963 2890 placuerunt
1970 2843 1982 2876 ,

562 2946 566 2955 .
594 2916 659 2960 non
685 2895 756 2966 ideo
780 2887 835 2964 sua
859 2896 929 2964 laus
953 2892 1078 2963 Platoni
1100 2892 1239 2964 detradia
1263 2892 1335 2965 est:
1360 2897 1478 2986 ingenii
1501 2899 1709 2973 aciem,.non
1734 2895 1889 2964 malitiam
1911 2897 1979 2965 Ari·

591 2989 716 3065 linteles
741 2987 910 3093 probavit,
935 2994 970 3061 dt
994 3015 1032 3064 ea
1055 2997 1256 3064 contentione
1279 3017 1327 3065 res
1351 2997 1451 3089 tnagis
1485 2993 1699 3067 illustrantur.
1726 2993 1839 3064 Aliena
1864 2987 1974 3091 scripta

591 3096 764 3188 expendere
790 3100 822 3167 dr
846 3092 1018 3165 interlinire
1042 3117 1149 3187 quum
1173 3117 1256 3189 opus
1278 3092 1357 3169 eil,
1389 3095 1529 3189 bominis
1558 3094 1601 3163 est
1631 3097 1793 3165 vuitatem
1819 3098 1976 3189 exquiren-

593 3194 655 3259 tis.
680 3193 822 3269 Omnes,
849 3217 910 3288 pto
932 3187 962 3261 se
984 3188 1141 3286 quisque,
1166 3192 1287 3263 studete
1312 3188 1429 3264 debent
1452 3238 1462 3269 ‚
1488 3212 1527 3265 ut
1549 3188 1675 3262 disculia
1696 3197 1896 3283 ignorantie
1920 3214 1973 3261 nu·

593 3280 636 3353 be
659 3295 775 3359 vetitas
797 3290 944 3359 exiliat:
969 3312 1005 3357 ac
1028 3292 1089 3358 nist
1112 3298 1242 3381 majores
1265 3290 1361 3363 nollti
1382 3294 1414 3362 id
1434 3290 1585 3369 fecissem,
1608 3294 1641 3359 in
1665 3284 1838 3362 inscientia
1858 3290 1976 3361 nouem

460 3462 467 3472 ,
592 3387 817 3457 incidissemus.
847 3388 1013 3477 Malignus
1035 3386 1089 3457 eli·
1104 3388 1271 3459 hominum
1296 3392 1335 3463 de
1359 3393 1425 3461 aliis
1449 3392 1658 3461 iudicantium
1682 3395 1811 3460 animus
1826 3438 1842 3469 ,
1875 3395 1907 3459 ui
1930 3384 1978 3456 so-

593 3482 630 3553 lo
652 3492 716 3557 veri
742 3506 851 3555 amore
882 3482 1078 3575 infligetur.
1117 3484 1235 3557 Misera
1266 3486 1310 3559 est
1332 3491 1521 3559 eorumdem
1542 3490 1721 3565 conlido,
1754 3490 1787 3559 ,ιι
1821 3491 1977 3582 diligentia

592 3583 795 3657 fimultattut
814 3587 848 3653 ιιι
872 3579 1127 3653 malevolentiam
1155 3589 1268 3664 parit,
1301 3590 1336 3656 dt
1368 3590 1560 3683 negligentia
1591 3592 1882 3685 vitupermionem.
1918 3589 1974 3656 Aee

591 3682 695 3753 duum
722 3682 765 3752 eil
788 3675 941 3751 omnibus
964 3676 1063 3751 facere
1087 3674 1186 3751 latis,
1221 3685 1284 3755 Alii
1312 3689 1454 3755 Fernelii
1478 3712 1575 3782 opera
1588 3712 1627 3757 ne
1657 3688 1711 3785 pili
1736 3684 1887 3767 ficiunt,
1926 3684 1978 3753 alii

592 3789 672 3853 mite
697 3777 889 3879 suspiciunt.
914 3784 955 3850 Et
981 3800 1020 3849 ut
1045 3774 1258 3876 spernentium
1283 3787 1392 3877 opinio
1414 3788 1599 3880 ahquodam
1625 3784 1776 3859 fastidio.
1799 3807 1869 3877 quo
1894 3784 1976 3853 male

589 3874 693 3952 feriati
719 3877 805 3952 facile
829 3872 1001 3957 laborant,
1023 3873 1161 3950 nascitur
1185 3886 1262 3955 ,ita
1287 3884 1381 3951 nimis
1405 3872 1631 3957 admirantium
1654 3912 1675 3955 a
1697 3886 1835 3981 praetoris
1867 3884 1979 3949 amici

591 3996 646 4049 tue
669 3984 792 4076 impetu
817 3996 924 4055 nota,
945 3996 1009 4049 aut
1026 3978 1206 4050 admitarrdi
1229 3976 1400 4057 facilitate,
1436 4000 1610 4075 tamquam.
1640 3982 1777 4079 igniculo
1797 3979 1978 4051 ,emitatas

590 4072 650 4145 sest
676 4078 767 4147 nimis
790 4076 889 4164 iadat
911 4082 1043 4175 opinio.
1072 4079 1277 4174 alumnique
1300 4096 1456 4177 premnt.
1488 4082 1543 4153 Illi
1574 4080 1754 4155 fastidiendi
1773 4074 1917 4155 lascivia,
1943 4077 1976 4145 hl

596 4169 1252 4368 Praepwoatbbraeqbrapssreuperjqoadblm
1276 4274 1383 4367 distet
1401 4223 1549 4371 «paratu.
1640 4310 1658 4333 *-

644 4372 879 4448 admirationis
902 4372 978 4471 stpe
1003 4395 1114 4469 parcns
1137 4375 1180 4445 eli
1204 4380 1399 4471 ignorantia.
1426 4377 1497 4448 Nec
1516 4376 1622 4476 pastor
1646 4384 1906 4474 Argonautarum
1925 4393 2015 4461 na„

592 4497 696 4552 vern,
730 4491 899 4567 tamquam
921 4472 1004 4565 quid
1027 4472 1177 4546 divinum
1203 4476 1379 4547 admiratus
1410 4472 1544 4558 lulllet,
1576 4480 1599 4547 fi
1634 4504 1705 4553 eam
1731 4478 1807 4549 alias
1831 4472 1980 4547 eidiilet·

593 4575 746 4647 Ceterum
771 4572 811 4641 dc
836 4593 887 4642 mc
911 4572 972 4642 lane
995 4569 1120 4641 dicam.
1147 4570 1313 4645 Conscius,
1329 4574 1399 4645 suet
1424 4576 1512 4647 milti
1539 4584 1654 4673 quanti
1679 4568 1953 4647 Perniciacum
1973 4615 1981 4631 .

591 4672 724 4769 Semper
758 4673 874 4769 putavi
902 4676 1034 4761 cuique.
1058 4672 1149 4743 licem
1184 4670 1274 4745 suam
1289 4732 1293 4741 .
1308 4668 1507 4745 seutentiam·
1523 4678 1661 4757 dicere,
1695 4674 1837 4769 bonique
1867 4662 1981 4741 consuli

591 4768 705 4847 debete
727 4816 741 4849 ,
777 4770 802 4839 ti
836 4762 880 4844 ab
913 4775 1023 4839 animo
1056 4772 1177 4842 inridit
1209 4796 1274 4841 non
1296 4772 1453 4845 ¹uleeta'tu
1472 4776 1518 4847 ·.id
1535 4840 1538 4845 ,
1556 4771 1798 4875 suprastatuto
1824 4768 1941 4845 .·Net
1964 4788 1981 4833 ἃ

591 4865 755 4942 scribendo
778 4869 934 4941 detentere
957 4861 1069 4939 debuit
1092 4874 1159 4959 eius
1183 4870 1353 4943 austoritas
1377 4878 1413 4945 de
1444 4876 1595 4943 oratimis
1609 4882 1613 4891 '
1627 4874 1769 4964 majella
1792 4905 1805 4939 a
1830 4868 1983 4939 -Tantum

593 4962 681 5043 abest
717 4987 772 5043 ut.
789 4965 967 5040 illustrium·
996 4961 1182 5065 lctiptotum
1206 4966 1361 5067 =lplendnt
1383 5016 1398 5047 ,
1418 4976 1526 5041 acient
1553 4979 1659 5046 animi
1676 4970 1909 5043 indufflotum
1936 4964 1984 5031 di-

592 5064 749 5164 [unguen
772 5061 920 5146 debeat,
942 5072 977 5138 dr
1001 5064 1140 5143 altitudo
1163 5070 1274 5164 gloria
1296 5070 1435 5145 aflorum
1459 5070 1640 5157 ιιιιιιιιιιιιιιι
1662 5068 1825 5165 obstruere
1851 5090 1891 5137 ae
1912 5061 1982 5133 offi-

714 5227 721 5237 .
930 5200 943 5249 ,-
1845 5188 1941 5246 oete,
