4434 6000
365 603 545 682 eruet
582 611 653 684 ne
691 601 1025 682 urrunnun
1063 603 1409 684 nueosrnsr:
1480 629 1544 706 ψ

206 727 309 806 liafis.
335 739 441 836 Quod
465 746 552 808 enim
578 761 639 840 pus
662 736 707 809 ell
730 757 820 809 extra
843 731 943 815 van,
974 736 1056 806 idtm
1081 734 1127 806 est
1159 737 1328 838 hypollalis
1351 745 1385 812 in
1412 743 1489 816 valis
1514 762 1521 807 :
1548 739 1595 813 se-

203 823 271 898 bris
294 837 383 906 enim
406 831 450 905 est
473 852 638 929 tamquam
666 833 817 906 abscessus
841 836 991 928 gerardis
1016 858 1169 908 venarum
1194 863 1202 909 s
1237 839 1309 910 loeo
1333 857 1460 916 tautum
1483 843 1592 926 disice,

201 949 291 1000 rent.
320 935 385 1004 Pus
409 937 544 1004 materia
568 928 672 1004 morbi
708 957 779 1032 pars
802 932 872 1012 elle
903 937 1038 1026 &quia
1072 926 1154 1005 lotas
1188 937 1311 1034 depulit
1342 957 1457 1014 natura
1492 959 1593 1014 mate·

203 1033 287 1098 riam
315 1076 328 1112 ,
353 1033 425 1102 ideo
448 1028 526 1103 fotis
550 1038 698 1129 apparuit
723 1081 734 1111 ,
758 1031 927 1131 bypollasts
951 1054 1022 1127 pars
1044 1030 1087 1102 tll
1112 1057 1244 1132 quoque
1278 1043 1415 1110 materici
1441 1035 1591 1114 morbili·

201 1148 286 1202 αἱ
321 1147 500 1224 utrumque
535 1149 627 1202 notas
657 1127 777 1204 easdem
801 1128 933 1202 habre:
967 1131 1007 1200 stc
1041 1130 1163 1202 differre
1197 1159 1260 1204 non
1286 1139 1434 1210 videntur
1458 1141 1512 1210 nist
1540 1139 1586 1208 lo·

198 1250 273 1297 to·
304 1229 412 1299 lmmo
435 1223 591 1322 quosdam
617 1232 761 1303 uidemus
784 1235 816 1299 in
842 1223 985 1303 febribus
1016 1230 1125 1324 paullo
1156 1229 1354 1325 longioribus
1387 1259 1480 1308 venas
1512 1232 1586 1308 san·

197 1327 297 1418 guinc
324 1330 431 1426 plenas
454 1322 606 1404 habere,
640 1335 673 1402 de
697 1330 806 1398 coita
837 1331 1008 1400 immutato
1039 1329 1071 1395 in
1103 1323 1314 1422 qualitatibus
1349 1336 1514 1428 primis&
1539 1327 1586 1404 se·

197 1426 333 1505 cundis‚
360 1445 400 1497 ut
446 1448 484 1498 us
505 1431 571 1514 jam
597 1429 651 1497 iit.
680 1429 802 1525 Apteto
826 1427 973 1498 cadavere
1006 1419 1169 1512 cujusdam
1206 1431 1345 1502 mulieris
1381 1433 1473 1504 valde
1496 1452 1588 1502 caco-

197 1525 325 1613 chymae
350 1451 469 1598 morbo
490 1524 648 1599 tullio&
673 1571 684 1603 ‚
718 1545 857 1622 repertus
886 1522 1014 1618 lisignis
1037 1523 1081 1594 tll
1113 1527 1205 1621 plane
1237 1530 1429 1626 purulentus
1452 1537 1486 1602 in
1509 1553 1585 1602 om·

195 1619 294 1694 nibus
324 1648 405 1722 pene
437 1627 556 1698 venis.
591 1628 631 1695 Et
653 1625 743 1718 quod
770 1628 901 1722 pertinet
936 1625 977 1695 ad
1010 1643 1081 1696 tam
1119 1629 1206 1722 puris
1239 1633 1274 1698 δι
1298 1623 1452 1702 sediminis
1474 1630 1585 1702 malo·

195 1727 312 1818 giam,
337 1721 442 1796 obiter
460 1728 565 1816 quati
592 1723 716 1819 potest,
740 1747 798 1794 cur
821 1720 989 1820 hypostatis
1011 1724 1112 1794 immo
1135 1719 1301 1819 fundoque
1333 1729 1463 1800 residens
1490 1745 1586 1800 natu·

195 1845 240 1894 tae
267 1825 422 1895 vincentis
446 1822 569 1914 tignum
595 1822 660 1902 lit,
695 1827 728 1894 dt
749 1825 783 1894 in
821 1817 943 1893 morbis
974 1845 1012 1904 tt
1035 1823 1229 1918 recolligas
1260 1830 1389 1915 jamjam
1417 1828 1586 1900 adventare

197 1939 378 2000 mortem,
413 1943 518 2014 quum
545 1943 604 2015 pus
626 1937 685 1994 aut
709 1921 914 2020 purulentum
940 1916 1069 2017 sputum
1104 1946 1171 1992 non
1197 1916 1329 1994 sublime
1355 1927 1502 2021 pendet,
1537 1920 1588 1996 sed

195 2023 230 2090 in
267 2016 466 2116 profundum
500 2040 592 2112 aquae
622 2043 758 2118 praeceps
793 2025 892 2092 ruit.
938 2022 976 2088 ld
1014 2017 1105 2108 quod
1138 2017 1260 2092 fortallt
1290 2023 1479 2098 difficultate
1522 2048 1587 2094 non

202 2138 292 2190 caret
315 2169 345 2194 .,
1146 2187 1149 2195 .

250 2219 365 2310 Atque
389 2219 452 2292 illae
477 2220 625 2292 tationes,
648 2219 773 2314 pondm
804 2213 1088 2314 aliquoi'habere
1122 2217 1270 2293 ridentur
1303 2262 1313 2292 2
1351 2235 1391 2289 ut
1422 2220 1588 2292 credams

199 2316 381 2412 hypoliafin
405 2319 469 2386 elic.
485 2317 610 2406 aliquid
634 2339 652 2386 c
677 2322 804 2388 materia
829 2313 999 2388 morbificat
1027 2365 1035 2382 .
1067 2318 1137 2388 Nisi
1168 2313 1252 2388 forte
1286 2319 1421 2388 tationes
1445 2315 1588 2414 superius

198 2415 352 2488 addude
377 2424 411 2482 in
435 2417 625 2484 contrariam
657 2437 714 2486 nos
746 2419 908 2509 rapuerint
942 2429 1062 2509 partem
1094 2467 1106 2488 .
1143 2414 1191 2486 Ac
1213 2437 1321 2490 reuera
1364 2417 1452 2488 haud
1486 2418 1586 2490 aliena

197 2513 332 2584 uidetur
355 2512 412 2581 elie
435 2511 594 2582 distinato
616 2512 656 2583 dt
679 2513 838 2608 hypossafi
861 2510 1007 2586 sanorum
1033 2517 1066 2586 δι
1093 2531 1253 2603 :egrotum
1280 2538 1289 2584 r
1325 2511 1357 2582 si
1391 2517 1474 2584 enim
1499 2515 1588 2588 uliud

195 2613 286 2702 quid
311 2609 354 2681 dt
378 2615 410 2683 in
434 2615 523 2705 egris
546 2617 580 2680 dc
604 2615 636 2681 in
661 2605 775 2689 sanis,
809 2616 842 2682 in
867 2613 915 2684 his
939 2605 1037 2682 habet
1070 2615 1224 2683 amionem
1250 2613 1328 2705 figni
1352 2629 1521 2694 tantum,
1554 2617 1588 2686 itt

196 2711 295 2799 agris
321 2711 398 2802 igni
422 2716 456 2780 dc
481 2705 613 2780 causae.
646 2708 734 2802 Signi
754 2712 930 2805 quidem,
962 2714 1040 2804 quia
1066 2711 1087 2780 fi
1112 2709 1155 2782 est
1181 2709 1350 2808 hypostasis
1388 2715 1434 2785 vis
1466 2732 1587 2786 natura

197 2807 403 2900 fignificatur
428 2856 438 2888 ,
461 2833 534 2903 qua
558 2831 663 2901 quum
688 2811 766 2882 nihil
791 2811 869 2882 stunt
892 2804 974 2882 elabi
999 2809 1055 2878 nili
1078 2805 1290 2904 petltu‘ium,
1324 2811 1415 2902 quod
1448 2816 1586 2882 omuino

194 2908 232 2974 in
261 2906 450 2979 alimentum
475 2931 538 2978 non
562 2910 720 2979 convertit
743 2899 762 2987 ‚¹
780 2906 886 2982 saitem
910 2903 973 2978 suis
997 2901 1211 3003 qualitatibus
1233 2909 1409 3001 iufigriiuit.
1436 2909 1475 2980 ln
1500 2930 1590 2998 mos·

194 2997 420 3083 bisantem,
452 3024 491 3077 ut
515 3007 640 3097 signum
676 3005 719 3077 cll
744 3010 778 3077 ὅ(
802 3028 841 3079 ut
875 3002 1001 3081 eausa.
1039 3006 1177 3099 Signum
1202 3018 1216 3086 ,‘
1244 3010 1321 3099 quia
1357 3010 1423 3080 vim
1457 3030 1590 3103 quoque

196 3122 325 3173 natura
351 3104 532 3197 fignificat:
557 3124 595 3177 ut
617 3100 743 3181 causi,
781 3113 862 3201 quia
887 3110 1017 3177 materia
1051 3100 1218 3175 merbrum
1254 3105 1419 3177 mltilicata
1443 3128 1499 3203 pet
1522 3108 1593 3178 uti·

196 3225 256 3271 nas
284 3200 417 3280 lttedit,
442 3205 620 3297 aliquando
644 3208 782 3277 maxima
805 3229 843 3274 ex
869 3222 984 3299 parte,
1020 3201 1106 3271 unde
1130 3202 1272 3299 plerique
1298 3209 1398 3273 urinae
1424 3203 1588 3301 profluuio

199 3296 326 3369 liberati
353 3297 425 3371 suot
451 3348 462 3379 ,
486 3304 662 3395 aliquando
685 3305 906 3393 aliquatenus.
931 3300 992 3371 Sed
1015 3302 1094 3392 quia
1119 3300 1288 3396 hypostalis
1319 3306 1451 3373 materia
1477 3308 1511 3375 &
1537 3304 1586 3378 102

198 3422 239 3467 co
264 3395 432 3473 laudabilis
455 3398 500 3467 est
523 3400 692 3491 ,signum
716 3400 838 3468 datad
862 3392 942 3469 bene
973 3393 1161 3494 sperandum
1186 3396 1361 3471 destituto
1393 3395 1497 3479 morbi
1520 3406 1587 3473 exi·
1734 3466 1738 3473 .

199 3516 235 3566 tu
263 3546 275 3575 ,
300 3517 358 3570 aut
381 3504 446 3584 ejus
471 3491 632 3575 securitate
657 3546 666 3572 .
691 3495 771 3567 Non
794 3498 883 3593 quod
907 3500 1038 3577 omnino
1059 3496 1259 3593 expedtensus
1289 3517 1327 3569 ut
1360 3505 1587 3583 toramatetia

199 3592 374 3691 hypostasis
409 3596 467 3667 liat
488 3595 508 3679 ‚i
525 3591 714 3673 rabsurdum
739 3597 823 3667 enim
855 3596 926 3671 tiles
946 3602 962 3683 .)
995 3590 1045 3677 sed
1081 3620 1186 3691 quum
1218 3598 1275 3669 diu
1307 3606 1407 3679 urlnae
1438 3616 1586 3679 tenues.

200 3692 357 3763 flammea
381 3700 416 3764 dt
440 3691 569 3767 incocta
592 3689 722 3765 luerunt
745 3742 757 3773 ,
781 3688 887 3765 senfim
912 3689 1124 3774 crassescunt,
1149 3701 1276 3766 materia
1299 3700 1360 3779 jam
1389 3694 1585 3791 putrefacit,

198 3795 230 3861 dt
256 3786 484 3889 obsequente,
516 3800 550 3861 de
573 3800 639 3881 tius
662 3790 729 3865 sero
752 3798 787 3865 dt
810 3788 1009 3867 tralliuscula
1038 3812 1128 3891 parte
1154 3815 1246 3867 venas
1281 3786 1469 3873 subeunte,
1501 3794 1586 3862 unde
1712 3830 1719 3841 ·

192 3910 330 3967 ‚conatus
354 3912 510 3971 maurae,
546 3895 580 3965 dt
607 3899 745 3967 materia
770 3896 958 3990 preparatio
984 3890 1217 3985 fignificatur.
1257 3890 1359 3983 Qod
1393 3893 1487 3969 &in
1511 3891 1586 3963 thu·

192 3993 308 4059 'tacitis
332 3986 450 4059 morbis
473 3997 605 4088 apparet
630 4042 639 4060 .
669 3992 808 4061 Materia
832 3992 988 4086 siquidem
1014 4008 1186 4087 praeparata
1211 4034 1222 4067 ,
1257 3994 1292 4061 dt
1316 3987 1400 4061 vim
1423 4010 1443 4061 a
1468 4006 1585 4062 natura
1617 4060 1620 4067 A
1726 3992 1729 3997 ’

195 4084 444 4278 llll'lllt
458 4095 671 4280 §sinisii
696 4088 866 4269 isidis
881 4088 1260 4283 ‘pllllel‘llll
1292 4081 1472 4259 {llll
1497 4088 1584 4261 llll

197 4284 339 4383 Hippot.
371 4286 405 4353 in
436 4292 617 4371 contumaci
649 4286 813 4383 pleutirirle
849 4278 978 4383 sputum
1001 4278 1333 4371 ,κατηλωλψῦψ
1350 4274 1493 4369 39ῑῆδὸ
1519 4284 1582 4364 tllt

195 4381 275 4453 dicit
300 4428 311 4459 2
336 4380 412 4455 idest
437 4428 448 4459 ‚
475 4388 609 4457 maxime
633 4380 832 4477 glutinosum
858 4385 920 4455 line
944 4388 1113 4481 putredine
1137 4431 1149 4463 2
1174 4383 1250 4454 idest
1276 4434 1287 4467 ,
1320 4384 1382 4461 linc
1405 4382 1581 4457 mstione.

198 4474 344 4544 Aculeo
365 4487 451 4555 enim
476 4484 559 4555 idem
584 4482 628 4554 cll
651 4483 741 4577 quod
761 4476 904 4552 elsim:
927 4485 1000 4554 Gal.
1034 4488 1074 4559 Et
1101 4480 1146 4560 ob
1171 4506 1240 4555 tam
1276 4506 1342 4555 sem
1365 4484 1502 4580 qnidam
1527 4504 1583 4555 ue·

194 4600 274 4653 teres
307 4581 481 4659 coctionem
515 4583 685 4678 putredine
718 4580 783 4678 ipsa
816 4577 1048 4657 deliniebant.
1084 4590 1126 4657 Et
1160 4606 1229 4656 tam
1264 4572 1345 4653 lottt
1377 4573 1420 4653 ob
1452 4574 1583 4657 causam

200 4683 339 4778 Hippot.
364 4676 418 4749 lrb.
450 4675 515 4759 vul
538 4680 636 4760 epple
672 4702 734 4777 pus
757 4684 948 4756 alimentum
982 4704 1068 4758 utnae
1104 4688 1140 4757 &
1172 4684 1291 4754 ameria
1323 4681 1381 4765 elle
1417 4680 1586 4758 credidit.

198 4779 271 4855 Pars
302 4782 386 4850 enim
421 4772 603 4873 spermatico
638 4772 760 4851 summe
794 4778 955 4855 elaborato
995 4784 1148 4867 alimento
1183 4787 1359 4867 nutritur.
1403 4780 1443 4848 ld
1475 4794 1586 4877 putem

198 4880 298 4949 tolott
335 4896 395 4971 pits
419 4872 546 4957 rebat,
579 4897 770 4979 putantem
808 4908 872 4955 non
906 4880 985 4958 eil.
1022 4884 1074 4951 Ut
1088 4902 1191 4977 „ergo
1230 4886 1265 4953 in
1296 4879 1434 4951 thoracis
1469 4868 1586 4950 morbo

197 4968 287 5042 cessi
311 4972 465 5069 significat
488 4977 640 5059 cottum,
664 4983 700 5051 dt
722 4980 755 5051 id
778 4983 869 5073 quod
893 4986 959 5069 iam
982 4980 1022 5051 ad
1051 5002 1113 5081 pus
1139 4983 1279 5077 proxime
1295 4977 1421 5067 ¹accedit
1455 4974 1587 5049 tostum

198 5074 339 5149 dicitur:
366 5080 412 5143 lta
437 5076 469 5141 in
495 5100 649 5153 scararum
673 5074 793 5149 morbis
818 5078 885 5155 tltc
908 5078 1007 5155 stalle
1027 5080 1201 5158 ‚multam
1229 5079 1392 5154 materiam
1420 5090 1549 5171 putrem
1574 5120 1585 5154 ‚

290 5169 431 5243 aarum
455 5174 551 5269 Oper.
577 5181 675 5269 rom
703 5179 771 5265 m
909 5179 913 5187 '
1142 5180 1183 5268 Q
1430 5166 1538 5244 albans
